@InProceedings{AAV86,
  author =	 {N. Alon and Y. Azar and U. Vishkin},
  title =	 {Tight Complexity Bounds for Parallel Comparison
                  Sorting},
  booktitle =	 focs86,
  year =	 1986,
  pages =	 {502--510}
}

@InProceedings{ABK95,
  author =	 {M. Adler and J. W. Byers and R. M. Karp},
  title =	 {Parallel Sorting with Limited Bandwidth},
  booktitle =	 spaa95,
  year =	 1995,
  pages =	 {129--136}
}

@InProceedings{ABKU94,
  author =	 {Y. Azar and A. Z. Broder and A. R. Karlin and
                  E. Upfal},
  title =	 {Balanced allocations},
  booktitle =	 {Proceedings of the 26th Annual ACM Symposium on
                  Theory of Computing},
  year =	 1994,
  pages =	 {593--602},
  annote =	 {;}
}

@Article{ACG89,
  author =	 {M. J. Atallah and R. Cole and M. T. Goodrich},
  title =	 {Cascading Divide-and-Conquer: A Technique for
                  Designing Parallel Algorithms},
  journal =	 sicomp,
  year =	 1989,
  month =	 Jun,
  volume =	 18,
  number =	 3,
  pages =	 {499--532},
  annote =	 {;}
}

@Article{ADKP89,
  author =	 {K. Abrahamson and N. Dadoun and D. G. Kirkpatrick
                  and T. Przytycka},
  title =	 {A Simple Parallel Tree Contraction Algorithm},
  journal =	 jalgo,
  year =	 1989,
  volume =	 10,
  pages =	 {287--302},
  annote =	 {;}
}

@InProceedings{AFK96,
  author =	 {S. Arora and A. Frieze and H. Kaplan},
  title =	 {A New Rounding Procedure for the Assignment Problem
                  with Applications to Dense Graph Arrangement
                  Problems},
  booktitle =	 focs96,
  year =	 1996
}

@InProceedings{AH92,
  author =	 {S. Albers and T. Hagerup},
  title =	 {Improved Parallel Integer Sorting without Concurrent
                  Writing},
  booktitle =	 soda92,
  year =	 1992,
  pages =	 {463--472},
  annote =	 {;}
}

@InProceedings{AHNR95,
  author =	 {A. Anderson and T. Hagerup and S. Nilsson and
                  R. Raman},
  title =	 {Sorting in Linear Time?},
  booktitle =	 stoc95,
  year =	 {1995},
  pages =	 {427--436},
  annote =	 {;}
}

@Book{AHU74,
  author =	 {A. V. Aho and J. E. Hopcroft and J. D. Ullman},
  title =	 {The Design and Analysis of Computer Algorithms},
  year =	 {1974},
  publisher =	 {Addison-Wesley},
  address =	 {Reading, MA},
  annote =	 {oldies but goodies; includes a nice chapter on
                  RAMs;}
}

@Book{AHU83,
  author =	 {A. V. Aho and J. E. Hopcroft and J. D. Ullman},
  title =	 {Data Structures and Algorithms},
  year =	 {1983},
  publisher =	 {Addison-Wesley},
  address =	 {Reading, MA},
  annote =	 {good chapter on recurrence relations;}
}

@InProceedings{AKK95,
  author =	 {S. Arora and D. Karger and M. Karpinski},
  title =	 {Polynomial Time Approximation Scheme for Dense
                  Instances of {\sf{}{N}{P}}-hard Problems},
  booktitle =	 stoc95,
  year =	 {1995},
  pages =	 {284--293},
  annote =	 {;}
}

@InProceedings{AKLLR79,
  author =	 {R. Aleliunas and R. M. Karp and R. J. Lipton and
                  L. Lov\'{a}sz and C. Rackoff},
  title =	 {Random Walks, universal sequences and the complexity
                  of maze problems},
  booktitle =	 focs79,
  year =	 {1979},
  pages =	 {218--223},
  month =	 Oct,
  annote =	 {NOT-IN;}
}

@Article{AKSS89,
  author =	 {M. Ajtai and J. Koml\'{o}s and W. L. Steiger and
                  E. Szemer\'{e}di},
  title =	 {Optimal Parallel Selection has Complexity
                  ${O}(\log\log n)$},
  journal =	 jcss,
  year =	 {1989},
  volume =	 {38},
  pages =	 {125--133},
  annote =	 {NOT-IN;}
}

@Book{AL93,
  author =	 {S. G. Akl and K. A. Lyons},
  title =	 {Parallel Computational Geometry},
  year =	 1993,
  publisher =	 {Prentice-Hall},
  address =	 {Englewood Cliffs, NJ},
  annote =	 {;}
}

@Book{AMO93,
  author =	 {R. K. Ahuja and T. L. Magnanti and J. B. Orlin},
  title =	 {Network Flows: Theory, Algorithms, and Applications},
  year =	 1993,
  publisher =	 {Prentice-Hall},
  address =	 {Englewood Cliffs, NJ},
  annote =	 {;}
}

@Article{AS87,
  author =	 {B. Awerbuch and Y. Shiloach},
  title =	 {New Connectivity and {M}{S}{F} Algorithms for
                  Shuffle-Exchange Network and {P}{R}{A}{M}},
  journal =	 ieeetc,
  year =	 1987,
  volume =	 36,
  pages =	 {1258--1263},
  annote =	 {;}
}

@Article{AV84,
  author =	 {M. Atallah and U. Vishkin},
  title =	 {Finding {E}uler tours in parallel},
  journal =	 jcss,
  year =	 {1984},
  volume =	 {29},
  pages =	 {330--337},
  annote =	 {NOT-IN;}
}

@TechReport{Angluin82,
  author =	 {D. Angluin},
  title =	 {Lecture Notes on the Complexity of Some Problems in
                  Number Theory},
  institution =	 {Department of Computer Science, Yale University},
  year =	 1982,
  type =	 {Technical Report},
  number =	 243,
  month =	 Aug
}

@manual{Attiya94,
  author =	 {H. Attiya},
  title =	 {Lecture Notes for Course \#236357: Distributed
                  Algorithms},
  organization = {Department of Computer Science, The Technion},
  address =	 {Haifa},
  month =	 Jan,
  year =	 1994,
  annote =	 {massive; over 160 pages;}
}

@InProceedings{BFSU94,
  author =	 {A. Broder and A. M. Frieze and S. Suen and E. Upfal},
  title =	 {Optimal Construction of Edge-Disjoint Paths in
                  Random Graphs},
  booktitle =	 soda94,
  year =	 1994,
  pages =	 {603--612},
  annote =	 {;}
}

@Article{BK82,
  author = 	 {R. P. Brent and H. T. Kung},
  title = 	 {A Regular Layout for Parallel Adders},
  journal = 	 ieeetc,
  year = 	 1982,
  volume =	 {C-31},
  number =	 3,
  pages =	 {260--264},
  month =	 Mar
}

@TechReport{BK88,
  author =	 {A. Z. Broder and A. R. Karlin},
  title =	 {Bounds on the Cover Time},
  institution =	 {DEC Systems Research Center},
  year =	 1988,
  type =	 {SRC Research Report},
  number =	 32,
  month =	 Oct
}

@InProceedings{BK96,
  author =	 {A. A. Bencz\'{u}r and D. R. Karger},
  title =	 {Approximating $s$--$t$ Minimum Cuts in
                  $\tilde{O}(n^2)$ Time},
  booktitle =	 stoc96,
  year =	 1996,
  pages =	 {47--55}
}

@InProceedings{BKRU89,
  author =	 {A. Z. Broder and A. R. Karlin and R. Raghavan and
                  E. Upfal},
  title =	 {Trading space for time in undirected $s$-$t$
                  connectivity},
  booktitle =	 stoc89,
  year =	 1989,
  month =	 May,
  pages =	 {543-549}
}

@TechReport{BKRU91,
  author =	 {A. Z. Broder and A. R. Karlin and P. Raghavan and
                  E. Upfal},
  title =	 {Trading Space for Time in Undirected $s$-$t$
                  Connectivity},
  institution =	 {DEC Systems Research Center},
  year =	 1991,
  type =	 {SRC Research Report},
  number =	 71,
  month =	 {May}
}

@Article{BKRU94,
  author =	 {BKRU94},
  title =	 {A. Z. Broder and A. R. Karlin and P. Raghavan and
                  E. Upfal},
  journal =	 sicomp,
  year =	 1994,
  volume =	 23,
  number =	 2,
  month =	 Apr,
  pages =	 {324--334}
}

@InProceedings{BRV96,
  author =	 {A. Blum and R. Ravi and S. Vempala},
  title =	 {A Constant-factor Approximation Algorithm for the
                  $k$-{M}{S}{T} Problem},
  booktitle =	 stoc96,
  year =	 1996,
  pages =	 {422--448}
}

@TechReport{Battista94,
  author =	 {G. D. Battista and P. Eades and R. Tamassia and
                  I. G. Tollis},
  title =	 {Algorithms for Drawing Graphs: an Annotated
                  Bibliography},
  institution =	 {Computer Science Department, Brown University},
  year =	 1989,
  address =	 {Providence, RI},
  number =	 {CS-89-09},
  annote =	 {;}
}

@Article{Belloch89,
  author =	 {G. E. Belloch},
  title =	 {Scans as Primitive Parallel Operations},
  journal =	 ieeetc,
  year =	 {1989},
  month =	 Nov,
  volume =	 {38},
  number =	 {11},
  pages =	 {1526--1538},
  annote =	 {;}
}

@InProceedings{Benczur94,
  author =	 {A. A. Bencz{\'{u}}r},
  title =	 {Augmenting undirected connectivity in
                  $\cal{R}{N}{C}$ and in randomized $\tilde{{O}}(n^3)$
                  time},
  booktitle =	 stoc94,
  year =	 {1994},
  pages =	 {658--667},
  annote =	 {;}
}

@Book{Bentley86,
  author =	 {J. Bentley},
  title = 	 {Programming Pearls},
  publisher = 	 aw,
  year = 	 1989,
  address =	 awa
}

@Book{Bentley88,
  author =	 {J. Bentley},
  title = 	 {More Programming Pearls: Confessions of a Coder},
  publisher = 	 aw,
  year = 	 1988,
  address =	 awa
}

@Article{Boruvka26,
  author =	 {O. Bor{\accent'27u}vka},
  title =	 {O jist\'{e}m probl\'{e}mu minim\'{a}ln\'{i}m},
  journal =	 {Pr\'{a}ca Moravsk\'{e}
                  P\u{a}\'{i}rodov\u{e}deck\'{e} Spole\u{c}nosti},
  volume =	 {3},
  pages =	 {37--58},
  year =	 {1926},
  annote =	 {original paper on {\em hook-and-contract} approach
                  to finding connected components in parallel;}
}

@InProceedings{Broder86,
  author =	 {A. Z. Broder},
  title =	 {How hard is it to marry at random?},
  booktitle =	 {Proceedings of the 18th Annual ACM Symposium on
                  Theory of Computing},
  year =	 {1986},
  pages =	 {50--58},
  annote =	 {;}
}

@Article{CDN89,
  author =	 {C. J. Colbourn and R. P. J. Day and L. D. Nel},
  title =	 {Unranking and ranking spanning Trees of a Graph},
  journal =	 jalgo,
  year =	 {1989},
  volume =	 {10},
  pages =	 {271--286},
  annote =	 {;}
}

@Article{CDRM93,
  author =	 {D. Coppersmith and P. Doyle and P. Raghavan and
                  M. Snir},
  title =	 {Random Walks on Weighted Graphs and Applications to
                  On-Line Algorithms},
  journal =	 jacm,
  year =	 1993,
  volume =	 40,
  number =	 3,
  month =	 Jul,
  pages =	 {421-453}
}

@Unpublished{CH96,
  author =	 {M. Crochemore and C. Hancart},
  title =	 {Automata for Matching Patterns},
  note =	 {Manuscript},
  year =	 1996
}

@Article{CHM96,
  author =	 {J. Cheriyan and T. Hagerup and K. Mehlhorn},
  title =	 {An $o(n^3)$-Time Maximum-Flow Algorithm},
  journal =	 sicomp,
  year =	 1996,
  volume =	 25,
  number =	 6,
  month =	 Dec,
  pages =	 {1144-1170}
}

@InProceedings{CKT94,
  author =	 {R. Cole and P. N. Klein and R. E. Tarjan},
  title =	 {A linear-work parallel algorithm for finding minimum
                  spanning trees},
  booktitle =	 {Proceedings of the 7th Annual ACM Symposium on
                  Parallel Algorithms and Architectures},
  year =	 {1994},
  month =	 Jul,
  pages =	 {11--15},
  annote =	 {;}
}

@InProceedings{CL93,
  author =	 {K. W. Chong and T. W. Lam},
  title =	 "Finding connected components in ${O}(\log
                  n\log\!\log n)$ time on the {E}{R}{E}{W}
                  {P}{R}{A}{M}",
  booktitle =	 soda93,
  year =	 {1993},
  pages =	 {11--20},
  annote =	 {the fastest algorithm at this time; but uses
                  $O(m+n)$ processors; main contributions are maximum
                  hooking technique;}
}

@Article{CL95a,
  author =	 {K. W. Chong and T. W. Lam},
  journal =	 JALGO,
  title =	 {Finding connected components in ${O}(\log
                  n\log\!\log n)$ time on the {E}{R}{E}{W}
                  {P}{R}{A}{M}},
  year =	 1995,
  volume =	 18,
  number =       3,
  pages =	 {378--402},
  annote =	 {Journal version of \cite{CL93}; includes an
                  algorithm for the minimum spanning trees problem;}
}

@InProceedings{CL95b,
  author =	 {K. W. Chong and T. W. Lam},
  title =	 {Approximating Biconnectivity in Parallel},
  booktitle =	 spaa95,
  year =	 {1995},
  pages =	 {224--233},
  annote =	 {;}
}

@Article{CLC82,
  author =	 {F. Y. Chin and J. Lam and I. Chen},
  title =	 {Efficient Parallel Algorithms for some Graph
                  Problems},
  journal =	 cacm,
  year =	 1982,
  month =	 Sep,
  volume =	 25,
  number =	 9,
  pages =	 {659--665},
  annote =	 {NOT-IN;}
}

@Book{CLR90,
  author =	 {T. H. Cormen and C. E. Leiserson and R. L. Rivest},
  title =	 {Introduction to Algorithms},
  year =	 1990,
  publisher =	 {MIT Press},
  address =	 {Cambridge, MA},
  annote =	 {stadard text on algorithms;}
}

@Book{CLRS01,
  author =	 {T. H. Cormen and C. E. Leiserson and R. L. Rivest and
                  C. Stein},
  title =	 {Introduction to Algorithms},
  year =	 2001,
  publisher =	 {MIT Press},
  address =	 {Cambridge, MA},
  edition =      {second}
}

@TechReport{CO86,
  author =	 {R. Cole and C. O'Dunlaing},
  title =	 {Note on the {A}{K}{S} Sorting Network},
  institution =	 {Computer Science Department, New York University},
  year =	 {1986},
  month =	 Sep,
  address =	 {New York, NY},
  number =	 {TR1986-243-U109},
  annote =	 {;}
}

@TechReport{CV86a,
  author =	 {R. Cole and U. Vishkin},
  title =	 {The Accelerated Centroid Decomposition Technique for
                  Optimal Parallel Tree Evaluation in Logarithmic
                  Time},
  institution =	 {Computer Science Department, New York University},
  year =	 {1986},
  month =	 Sep,
  address =	 {New York, NY},
  number =	 {TR1986-242-U108},
  annote =	 {;}
}

@InProceedings{CV86b,
  author =	 {R. Cole and U. Vishkin},
  title =	 {Approximate and exact parallel scheduling with
                  applications to list, tree and graph problems},
  booktitle =	 focs86,
  year =	 {1986},
  pages =	 {478--491},
  annote =	 {presents a $O(\log n)$-time, $O(((m+n)/\log
                  n)\alpha(n))$-processor CRCW PRAM algorithm ;}
}

@InProceedings{CV86c,
  author =	 {R. Cole and U. Vishkin},
  title =	 {Deterministic Coin Tossing and Accelerating
                  cascades: Micro and Macro techniques for designing
                  parallel algorithms},
  booktitle =	 stoc86,
  year =	 1986,
  pages =	 {206--219},
  annote =	 {;}
}

@Article{CV88,
  author =	 {R. Cole and U. Vishkin},
  title =	 {Approximate Parallel Scheduling. {P}art {I}: {T}he
                  basic technique with applications to optimal
                  parallel list ranking in logarithmic time},
  journal =	 sicomp,
  year =	 1988,
  volume =	 17,
  number =	 1,
  pages =	 {128--142},
  annote =	 {;}
}

@Article{CV91,
  author =	 {R. Cole and U. Vishkin},
  title =	 {Approximate Parallel Scheduling. {P}art {I}{I}:
                  {A}pplications to logarithmic-time optimal graph
                  algorithms},
  journal =	 ic,
  year =	 1991,
  volume =	 92,
  pages =	 {1--47},
  annote =	 {NOT-IN;}
}

@TechReport{CZ91,
  author =	 {R. Cole and O. Zajicek},
  title =	 {An Asynchronous Parallel Algorithm for Undirected
                  Graph Connectivity},
  institution =	 {Computer Science Department, New York University},
  year =	 1991,
  month =	 Feb,
  address =	 {New York, NY},
  number =	 {TR1991-546},
  annote =	 {;}
}

@Unpublished{Chong96,
  author = 	 {K. Chong},
  title = 	 {Finding Minimum Spanning Trees on the {E}{R}{E}{W} 
                  {P}{R}{A}{M}},
  note = 	 {Unpublished manuscript},
  year =	 1996
}

@Article{Chvatal79,
  author = 	 {V. Chv\'{a}tal},
  title = 	 {A Greedy Heuristic for the Set Covering Problem},
  journal = 	 {Mathematics of Operations Research},
  year = 	 1979,
  volume =	 4,
  pages =	 {233--235}
}

@TechReport{Chvatal91,
  author =	 {V. Chv\'{a}tal},
  title =	 {Lecture Notes on the New {A}{K}{S} Sorting Network},
  institution =	 {Computer Science Department, Rutgers University},
  year =	 1991,
  number =	 {DCS-TR-294},
  address =	 {New Brunswick, NJ}
}

@Article{Cole88,
  author =	 {R. Cole},
  title =	 {Parallel Merge Sort},
  journal =	 sicomp,
  year =	 1988,
  month =	 Aug,
  volume =	 17,
  number =	 4,
  pages =	 {770--785},
  annote =	 {MUST-READ; accelerated cascading technique}
}

@Article{DRT92,
  author =	 {B. Dixon and M. Rauch and R. E. Tarjan},
  title =	 {Verification and Sensitivity Analysis of Minimum
                  Spanning Trees in Linear Time},
  journal =	 sicomp,
  year =	 1992,
  month =	 Dec,
  volume =	 21,
  number =	 6,
  pages =	 {1184--1192},
  annote =	 {;}
}

@Article{DSST89,
  author =	 {J. R. Driscoll and N. Sarnak and D. D. Sleator and
                  R. E. Tarjan},
  title =	 {Making Data Structures Persistent},
  journal =	 jcss,
  year =	 1989,
  volume =	 38,
  pages =	 {86--124},
  annote =	 {;}
}

@Book{Dantzig63,
  author =	 {G. B. Dantzig},
  title = 	 {Linear Programming and Extensions},
  publisher = 	 {Princeton University Press},
  year = 	 1963
}

@Article{EK72,
  author =	 {J. Edmonds and R. M. Karp},
  title =	 {Theoretical Improvements in Algorithmic Efficiency
                  for Network Flow Problems},
  journal =	 JACM,
  year =	 {1972},
  volume =	 {19},
  number =	 {2},
  pages =	 {248--2644},
  annote =	 {MUST-READ;}
}

@Article{Edmonds65,
  author =	 {J. Edmonds},
  title =	 {Paths, Trees, and Flowers},
  journal =	 {Canadian Journal of Mathematics},
  year =	 {1976},
  volume =	 {17},
  pages =	 {449--467},
  annote =	 {defined the notion of `efficiency' as the
                  polynomial-time solvability;}
}

@Book{Even79,
  author =	 {S. Even},
  title =	 {Graph Algorithms},
  publisher =	 {Computer Science Press},
  year =	 1979,
  address =	 {Potomac, MD}
}

@Book{FF62,
  author =	 {L. R. Ford, Jr. and D. R. Fulkerson},
  title =	 {Flows in Networks},
  publisher =	 pup,
  year =	 1962,
  address =	 pupa
}

@InProceedings{FMP94,
  author =	 {T. Feder and N. Megiddo and S. A. Plotkin},
  title =	 {A sublinear parallel algorithm for stable matching},
  booktitle =	 soda94,
  year =	 1994,
  pages =	 {632--637}
}

@Book{FP93,
  author = 	 {S. Fang and S. Puthenpura},
  title = 	 {Linear Optimization and Extensions},
  publisher = 	 ph,
  year = 	 1993,
  address =	 pha
}

@Article{FT88,
  author =	 {U. Faigle and G. Tur{\'{a}}n},
  title =	 {Sorting and Recognition Problems for Ordered Sets},
  journal =	 sicomp,
  year =	 {1988},
  month =	 Feb,
  volume =	 {17},
  number =	 {1},
  pages =	 {100--113},
  annote =	 {presents a generalized sorting problem,
                  $P_0$-sorting problem: determine an unknown order,
                  knowing that it is isomorphic to a fixed ``pattern''
                  order $P_0$;}
}

@InProceedings{Feige94,
  author =	 {U. Feige},
  title =	 {A Randomized Time-Space Tradeoff of
                  $\tilde{O}(m\hat{R})$ for {U}{S}{T}{C}{O}{N}},
  booktitle =	 focs94,
  year =	 1994,
  pages =	 {238--246}
}

@Article{Feige95,
  author = 	 {U. Feige},
  title = 	 {A Threshold of $\ln n$ for apprximating set cover},
  journal = 	 jacm,
  year = 	 1998,
  volume =	 45,
  pages =	 {634--652}
}

@Article{Frederickson85,
  author =	 {G. N. Frederickson},
  title =	 {Data Structures for On-Line Updating of Minimum
                  Spanning trees, with Applications},
  journal =	 sicomp,
  year =	 {1985},
  month =	 Nov,
  volume =	 {14},
  number =	 {4},
  pages =	 {781--798},
  annote =	 {one of the early papers on dynamic algorithms; this
                  paper contains vertex-update algorithms;}
}

@InProceedings{GGPSTW94,
  author =	 {M. X. Goemans and A. V. Goldberg and S. Plotkin and
                  D. Shmoys and {\'{E}.} Tardos and D. P. Williamson},
  title =	 {Improved Approximation Algorithms for Network Design
                  Problems},
  booktitle =	 soda94,
  year =	 {1994},
  pages =	 {223--232},
  annote =	 {;}
}

@InProceedings{GGS84,
  author =	 {H. N. Gabow and Z. Galil and T. H. Spencer},
  title =	 {Efficient implementation of graph algorithms using
                  contraction},
  booktitle =	 focs84,
  year =	 1984,
  pages =	 {347--357},
  annote =	 {;}
}

@Book{GI89,
  author =	 {D. Gusfield and R. W. Irving},
  title =	 {The Stable Marriage Problem: Structure and
                  Algorithms},
  year =	 {1989},
  publisher =	 {MIT Press},
  address =	 {Cambridge, MA},
  annote =	 {;}
}

@Article{GI91,
  author =	 {Z. Galil and G. F. Italiano},
  title =	 {Data Structures and Algorithms for Disjoint Set
                  Union Problems},
  journal =	 ACMCS,
  year =	 {1991},
  month =	 Sep,
  volume =	 {23},
  number =	 {3},
  pages =	 {319--344},
  annote =	 {;}
}

@Article{GL91,
  author =	 {X. Guan and M. A. Langston},
  title =	 {Time-Space Optimal Parallel Merging and Sorting},
  journal =	 ieeetc,
  year =	 {1991},
  month =	 May,
  volume =	 {40},
  number =	 {5},
  pages =	 {598--602},
  annote =	 {;}
}

@InProceedings{GMV94,
  author =	 {M. T. Goodrich and Y. Matias and U. Vishkin},
  title =	 {Optimal Parallel Approximation Algorithms for Prefix
                  Sums and Integer Sorting},
  booktitle =	 soda94,
  year =	 {1994},
  pages =	 {241--250},
  annote =	 {;}
}

@InProceedings{GPS87,
  author =	 {A. V. Goldberg and S. A. Plotkin and G. E. Shannon},
  title =	 {Parallel Symmetry-Breaking in Sparse Graphs},
  booktitle =	 stoc87,
  year =	 {1987},
  pages =	 {1--9},
  annote =	 {;}
}

@InProceedings{GPV88,
  author =	 {A. V. Goldberg and S. A. Plotkin and P. M. Vaidya},
  title =	 {Sublinear-Time Parallel Algorithms for Matching and
                  Related Problems},
  booktitle =	 focs88,
  year =	 1988
}

@Article{GSB94,
  author =	 {R. Gupta and S. A. Smolka and S. Bhaskar},
  title =	 {Randomization in Sequential and Distributed
                  Algorithms},
  journal =	 ACMCS,
  year =	 {1994},
  month =	 Mar,
  volume =	 {26},
  number =	 {1},
  pages =	 {7--86},
  annote =	 {nice survey on randomization; includes five
                  techniques: input randomization, control
                  randomization, symmetry breaking, $\cdots$; includes
                  annotated bibliography;}
}

@InProceedings{GW92,
  author =	 {M. X. Goemans and D. P. Williamson},
  title =	 {A General Approximation Technique for Constrained
                  Forest Problems},
  booktitle =	 soda92,
  year =	 {1992},
  pages =	 {307--316},
  annote =	 {;}
}

@InProceedings{GW94,
  author =	 {M. X. Goemans and D. P. Williamson},
  title =	 {.878-approximation algorithms for {M}{A}{X}
                  {C}{U}{T} and {M}{A}{X} {2}{S}{A}{T}},
  booktitle =	 stoc94,
  year =	 {1994},
  pages =	 {422--431},
  annote =	 {;}
}

@Article{GW97,
  author = 	 {T. Grossman and A. Wool},
  title = 	 {Computational Experience with Approximation Algorithms for
                  the Set Covering Problem},
  journal = 	 {European Journal of Operation Research},
  year = 	 1997,
  volume =	 101,
  number =	 1,
  pages =	 {81--92}
}

@InProceedings{Gazit86,
  author =	 {H. Gazit},
  title =	 {An Optimal Randomized Parallel Algorithm for Finding
                  Connected Components},
  booktitle =	 focs86,
  year =	 {1986},
  pages =	 {492--501},
  annote =	 {see \cite{Gazit91};}
}

@Article{Gazit91,
  author =	 {H. Gazit},
  title =	 {An optimal randomized parallel algorithm for finding
                  connected components in a graph},
  journal =	 sicomp,
  year =	 1991,
  volume =	 20,
  number =	 6,
  pages =	 {1046--1067},
  annote =	 {presents a randomized $O(\log n)$-expected-time,
                  $O((m+n)/\log n)$-processor algorithm on a arbitrary
                  CRCW PRAM for the connected components problem;
                  $P[T(n) = \Omega(\log n)] \leq (2/e)^{n/log^k{(n)}}$
                  (k < 4); three algorithms for {\em easy graph}, {\em
                  dense graph}, and {\em sparse graph}; }
}

@TechReport{Goemans94,
  author =	 {M. X. Goemans},
  title =	 {Lecture Notes on Advanced Algorithms},
  institution =	 {Laboratory for Computer Science, Massachusetts
                  Institute of Technology},
  year =	 {1994},
  month =	 Dec,
  address =	 {Cambridge, MA},
  number =	 {MIT/LCS/RSS-27},
  type =	 {Research Seminar Series},
  annote =	 {online, randomized, $\cdots$;}
}

@InProceedings{Greiner94,
  author =	 {J. Greiner},
  title =	 {A Comparison of Parallel Algorithms for Connected
                  Components},
  booktitle =	 spaa94,
  year =	 1994,
  pages =	 {16--25},
  annote =	 {experiments mainly on the algorithms from
                  \cite{AS87} and \cite{SV82};}
}

@Article{HCS79,
  author =	 {D. S. Hirschberg and A. K. Chandra and
                  D. V. Sarwate},
  title =	 {Computing connected components on parallel
                  computers},
  journal =	 cacm,
  year =	 {1979},
  month =	 Aug,
  volume =	 {22},
  number =	 {8},
  pages =	 {461--464},
  annote =	 {$O(\log^2{n})$-time, $O(n^2/\log n)$-processor CREW
                  PRAM algorithm;}
}

@Article{HL88,
  author =	 {B. Huang and M. A. Langston},
  title =	 {Practical In-Place Merging},
  journal =	 cacm,
  year =	 1988,
  volume =	 31,
  number =	 3,
  month =	 Mar,
  pages =	 {348--352}
}

@Book{HS78,
  author =	 {E. Horowitz and S. Sahni},
  title =	 {Fundamentals of Computer Algorithms},
  publisher =	 {Computer Science Press},
  year =	 1978,
  address =	 {Potomac, MD}
}

@Article{HT74,
  author =	 {J. Hopcroft and R. E. Tarjan},
  title =	 {Efficient planarity testing},
  journal =	 JACM,
  year =	 {1974},
  month =	 Oct,
  volume =	 {21},
  number =	 {4},
  pages =	 {549--568},
  annote =	 {MUST-READ; one of the classic papers on graph
                  algorithms; presents a linear time planarity
                  algorithm;}
}

@Article{HW90,
  author =	 {Y. Han and R. A. Wagner},
  title =	 {An efficient and fast parallel connected components
                  algorithm},
  journal =	 JACM,
  year =	 {1990},
  volume =	 {37},
  number =	 {3},
  pages =	 {626--642},
  annote =	 {NOT-IN;}
}

@InProceedings{HZ94,
  author =	 {S. Halperin and U. Zwick},
  title =	 {An Optimal Randomized Logarithmic Time Connectivity
                  Algorithm for the {E}{R}{E}{W} {P}{R}{A}{M}},
  booktitle =	 spaa94,
  year =	 1994,
  pages =	 {1--10},
  annote =	 {;}
}

@Article{HZ96,
  author = 	 {S. Halperin and U. Zwick},
  title = 	 {An Optimal Randomized Logarithmic Time Connectivity
                  Algorithm for the {E}{R}{E}{W} {P}{R}{A}{M}},
  journal = 	 jcss,
  year = 	 1996,
  volume =	 53,
  pages =	 {395--416}
}

@Article{Hagerup90,
  author =	 {T. Hagerup},
  title =	 {Planar Depth-First Search in ${O}(\log n)$ Parallel
                  Time},
  journal =	 sicomp,
  year =	 1990,
  volume =	 19,
  number =	 4,
  month =	 Aug,
  pages =	 {678--704}
}

@InProceedings{Hagerup93,
  author =	 {T. Hagerup},
  title =	 {Fast deterministic processor allocations},
  booktitle =	 soda93,
  year =	 {1993},
  pages =	 {1--10},
  annote =	 {;}
}

@InProceedings{Han85,
  author =	 {Y. Han},
  title =	 {A Family of Parallel Sorting Algorithms},
  booktitle =	 icpp85,
  year =	 1985,
  pages =	 {851--853},
  annote =	 {;}
}

@InProceedings{Hariharan94,
  author =	 {R. Hariharan},
  title =	 {Optimal Parallel Suffix Tree Construction
                  ({E}xtended {A}bstract)},
  booktitle =	 stoc94,
  year =	 1994,
  pages =	 {290--299},
  annote =	 {awarded the best student's paper award;}
}

@Book{Hochbaum96,
  title =	 {Approximation Algorithms for NP-Hard Problems},
  editor =	 {D. S. Hochbaum},
  publisher =	 {PWS Publishing, Boston, MA},
  year =	 1996
}

@InCollection{Hochbaum97a,
  author = 	 {D. S. Hochbaum},
  title = 	 {Approximating Covering and Packing Problems},
  booktitle = 	 {Approximation Algorithms for NP-hard Problems},
  pages =	 {94--143},
  publisher =	 {PWS Publishing},
  year =	 1997,
  editor =	 {D. Hochbaum}
}

@Book{Hofri95,
  author =	 {M. Hofri},
  title =	 {Analysis of Algorithms},
  year =	 1995,
  month =	 Jul,
  publisher =	 {Oxford University Press},
  address =	 {New York, NY},
  annote =	 {very tough;}
}

@Article{IK94,
  author =	 {K. Iwama and Y. Kambayashi},
  title =	 {A simpler parallel algorithm for graph connectivity},
  journal =	 jalgo,
  year =	 1994,
  volume =	 16,
  pages =	 {190--217},
  annote =	 {NOT-IN;}
}

@InProceedings{JM91,
  author =	 {D. B. Johnson and P. Metaxas},
  title =	 "Connected components in ${O}(\log^{3/2}\!|{V}|)$
                  parallel time for the {C}{R}{E}{W} {P}{R}{A}{M}",
  booktitle =	 {Proceedings of the 32nd Annual IEEE Symposium on
                  Foundations of Computer Science},
  year =	 1991,
  pages =	 {626--642},
  annote =	 {disproved the Karp and Ramachandran's $\Omega(\log
                  n)$ conjecture\cite{KR92}; very sophisticated and
                  non-intuitive; main contributions are edge-plugging
                  scheme and growth control technique; they claim the
                  $O((m+n)/\log n)$-processor complexity given the
                  integer sorting algorithm of the same complexity;}
}

@InProceedings{JM92,
  author =	 {D. B. Johnson and P. Metaxas},
  title =	 {A parallel algorithm for computing minimum spanning
                  trees},
  booktitle =	 {Proceedings of the 5th Annual ACM Symposium on
                  Parallel Algorithms and Architectures},
  year =	 1992,
  pages =	 {363--372},
  annote =	 {extension of \cite{JM91} to the minimum spanning
                  trees problem;}
}

@Book{Jaja92,
  author =	 {J. J{\'{a}}J{\'{a}}},
  title =	 {An Introduction to Parallel Algorithms},
  year =	 1992,
  publisher =	 {Addison-Wesley},
  address =	 {Reading, MA},
  annote =	 {not-so-comprehensive coverage of algorithms;}
}

@MastersThesis{Jeong94,
  author =	 {C. J. Jeong},
  title =	 {An Efficient Parallel Algorithm for the Minimum
                  Spanning Trees Problem and its Applications},
  school =	 {Computer Science Department, Sogang University},
  year =	 1994,
  address =	 {Seoul, Korea},
  type =	 {Master's Thesis},
  month =	 {Feb}
}

@Unpublished{JeongAlgoBib,
  author =	 {C. Jeong},
  title =	 {Algorithms: Annotated Bibliography},
  note =	 {Unpublished},
  year =	 1997
}

@Article{Johnson75,
  author = 	 {D. B. Johnson},
  title = 	 {Finding All The Elementary Circuits of A Directed Graph},
  journal = 	 sicomp,
  year = 	 1975,
  volume =	 4,
  number =	 1,
  pages =	 {77--84},
  month =	 Mar
}

@Article{KH83,
  author =	 {M. Kumar and D. S. Hirschberg},
  title =	 {An Efficient Implementation of Batcher's Odd-Even
                  Merge Algorithm and Its Application in Parallel
                  Sorting Schemes},
  journal =	 ieeetc,
  year =	 1983,
  month =	 Mar,
  volume =	 32,
  number =	 3,
  pages =	 {254--264},
  annote =	 {;}
}

@Article{KKT95,
  author =	 {D. R. Karger and P. N. Klein and R. E. Tarjan},
  title =	 {A Randomized Linear-Time Algorithm to Find Minimum
                  Spanning Trees},
  journal =	 JACM,
  year =	 {1995},
  month =	 Mar,
  volume =	 {42},
  number =	 {2},
  pages =	 {321--328},
}

@InProceedings{KL96,
  author =	 {P. Klein and H. Lu},
  title =	 {Efficient Approximation Algorithms for Semidefinite
                  Programs Arising from {M}{A}{X} {C}{U}{T} and
                  {C}{O}{L}{O}{R}{I}{N}{G}},
  booktitle =	 stoc96,
  year =	 1996,
  pages =	 {338--347}
}

@InProceedings{KLLLLP97,
  author = 	 {D. Karger and E. Lehman and T. Leighton and M. Levine and
                  D. Lewin and R. Panigrahy},
  title = 	 {Consistent Hashing and Random Trees: Distributed Caching
                  Protocols for Relieving Hot Spots on the World Wide Web},
  booktitle = 	 stoc97,
  pages =	 {654--663},
  year =	 1997
}

@InProceedings{KM94,
  author =	 {D. Karger and R. Motwani},
  title =	 {Derandomization through Approximation: An
                  $\cal{N}{C}$ Algorithm for Minimum Cuts},
  booktitle =	 stoc94,
  year =	 {1994},
  pages =	 {497--506},
  annote =	 {;}
}

@TechReport{KMV90,
  author =	 {S. Khuller and S. G. Mitchell and V. V. Vazirani},
  title =	 {On-line Algorithms for Weighted Matching and Stable
                  Marriages},
  institution =	 {Department of Computer Science, Cornell University},
  year =	 1990,
  type =	 {Technical Report},
  number =	 {TR 90-1143},
  address =	 cornella,
  month =	 Jul
}

@InProceedings{KNP92,
  author =	 {D. Karger and N. Nisan and M. Parnas},
  title =	 {Fast Connected Components Algorithms for the
                  {E}{R}{E}{W} {P}{R}{A}{M}},
  booktitle =	 spaa92,
  year =	 {1992},
  pages =	 {373--381},
  annote =	 {;}
}

@TechReport{KPP95,
  author =	 {A. Kamath and O. Palmon and S. Plotkin},
  title =	 {Fast Approximation Algorithm for Minimum Cost
                  Multicommodity Flow},
  institution =	 stanfordcsd,
  year =	 1995,
  address =	 stanforda,
  number =	 {STAN-CS-95-19},
  annote =	 {preliminary version appeared in SODA'95;}
}

@InProceedings{KPT94,
  author =	 {D. R. Karger and S. J. Phillips and E. Torng},
  title =	 {A Better Algorithm for an Ancient Scheduling
                  Problem},
  booktitle =	 soda94,
  year =	 {1994},
  pages =	 {132--140},
  annote =	 {;}
}

@Article{KR87,
  author =	 {R. M. Karp and M. O. Rabin},
  title =	 {Efficient Randomized Pattern-matching Algorithms},
  journal =	 IBM,
  year =	 {1987},
  month =	 Mar,
  volume =	 {31},
  number =	 {2},
  pages =	 {249--260},
  annote =	 {;}
}

@incollection{KR90,
  author =	 {R. M. Karp and V. Ramachandran},
  title =	 {Parallel algorithms for shared-memory machines},
  booktitle =	 {Algorithms and Complexity},
  series =	 {Handbook of Theoretical Computer Science},
  editor =	 {J. van Leeuwen},
  volume =	 {A},
  year =	 {1990},
  pages =	 {869--932},
  publisher =	 {MIT Press},
  address =	 {Cambridge, MA},
  annote =	 {stadard survey on parallel algorithms;}
}

@TechReport{KR91,
  author =	 {P. Kelsen and V. Ramachandran},
  title =	 {The Complexity of Finding Minimal Spanning
                  Subgraphs},
  institution =	 utexascsd,
  year =	 {1991},
  month =	 Apr,
  address =	 utexasa,
  number =	 {CS-TR-91-17},
  annote =	 {;}
}

@TechReport{KR94,
  author =	 {A. R. Karlin and P. Raghavan},
  title =	 {Random Walks and Undirected Graph Connectivity: A
                  Survey},
  institution =	 {IBM T. J. Watson Research Center},
  year =	 1994,
  type =	 {Research Report},
  number =	 {RC 19495},
  address =	 {Yorktown Heights, NY},
  month =	 Mar
}

@InProceedings{KR95,
  author =	 {S. Khuller and B. Raghavachari},
  title =	 {Improved Approximation Algorithms for Uniform
                  Connectivity Problems},
  booktitle =	 stoc95,
  year =	 {1995},
  pages =	 {1--9},
  annote =	 {;}
}

@InProceedings{KRS86,
  author =	 {C. P. Kruskal and L. Rudolph and M. Snir},
  title =	 {Efficient Parallel Algorithms for Graph Problems},
  booktitle =	 icpp86,
  year =	 {1986},
  pages =	 {869--876},
  annote =	 {;}
}

@InProceedings{KT94,
  author =	 {P. Klein and R. E. Tarjan},
  title =	 {A Randomized Linear-Time Algorithm for Finding
                  Minimum Spanning Trees},
  booktitle =	 stoc94,
  year =	 {1994},
  pages =	 {9--15},
  annote =	 {;}
}

@Article{KUW88,
  author =	 {R. M. Karp and E. Upfal and A. Wigderson},
  title =	 {The complexity of parallel search},
  journal =	 jcss,
  year =	 {1988},
  volume =	 {36},
  pages =	 {225--253},
  annote =	 {;}
}

@Article{KV94,
  author =	 {S. Khuller and U. Vishkin},
  title =	 {Biconnectivity Approximations and Graph Carvings},
  journal =	 JACM,
  year =	 {1994},
  month =	 Mar,
  volume =	 {41},
  number =	 {2},
  pages =	 {214--235},
  annote =	 {;}
}

@Unpublished{Karger92,
  author =	 {D. Karger},
  title =	 {Approximating, verifying, and constructing minimum
                  spanning forests},
  year =	 {1992},
  note =	 {Manuscript}
}

@InProceedings{Karger93,
  author =	 {D. Karger},
  title =	 {Random sampling in matroids, with applications to
                  graph connectivity and minimum spanning trees},
  booktitle =	 focs93,
  year =	 {1993},
  pages =	 {84--93},
  annote =	 {;}
}

@InProceedings{Karger93b,
  author =	 {D. Karger},
  title =	 {Global min-cuts in {\sf{}RNC} and other
                  ramifications of a simple mincut algorithm},
  booktitle =	 soda93,
  year =	 {1993},
  pages =	 {21--30},
  annote =	 {;}
}

@InProceedings{Karger94,
  author =	 {D. Karger},
  title =	 {Random Sampling in Cut, Flow, and Network Design
                  Problems},
  booktitle =	 stoc94,
  year =	 {1994},
  pages =	 {648--695},
  annote =	 {;}
}

@InProceedings{Karger94b,
  author =	 {D. Karger},
  title =	 {Using Randomized Sparsification to Approximate
                  Minimum Cuts},
  booktitle =	 soda94,
  year =	 {1994},
  pages =	 {424--432},
  annote =	 {;}
}

@Unpublished{Karger94c,
  author =	 {D. R. Karger},
  title =	 {Random Sampling for Minimum Spanning Trees and Other
                  Optimization Problems},
  organization = stanfordcsd,
  address =	 stanforda,
  year =	 1994,
  annote =	 {;},
  note =	 {Manuscript}
}

@PhDThesis{Karger95,
  author =	 {D. Karger},
  title =	 {Random Sampling in Graph Optimization Problems},
  school =	 {Computer Science Department, Stanford University},
  address =	 {Stanford, CA},
  month =	 Feb,
  year =	 1995,
  annote =	 {postscript;}
}

@InProceedings{Karger95b,
  author =	 {D. Karger},
  title =	 {A Randomized Fully Polynomial Time Approximation
                  Scheme for the All Terminal Network Reliability
                  Problem},
  booktitle =	 stoc95,
  year =	 1995,
  pages =	 {11--17},
  annote =	 {;}
}

@InProceedings{Karger96,
  author =	 {D. R. Karger},
  title =	 {Minimum Cuts in Near-Linear Time},
  booktitle =	 stoc96,
  year =	 1996,
  pages =	 {56--63}
}

@InProceedings{Karloff96,
  author =	 {H. Karloff},
  title =	 {How Good is the Goemans-Williamson {M}{A}{X}
                  {C}{U}{T} Algorithm?},
  booktitle =	 stoc96,
  year =	 1996,
  pages =	 {427--434}
}

@Book{Knuth69,
  author =	 {D. E. Knuth},
  title =	 {Fundamental Algorithms},
  volume =	 {1},
  series =	 {The Art of Computer Programming},
  year =	 {1969},
  publisher =	 {Addison-Wesley},
  address =	 {Reading, MA},
  annote =	 {;}
}

@Book{Knuth71,
  author =	 {D. E. Knuth},
  title =	 {Seminumerical Algorithms},
  volume =	 {2},
  series =	 {The Art of Computer Programming},
  year =	 {1971},
  publisher =	 {Addison-Wesley},
  address =	 {Reading, MA},
  annote =	 {;}
}

@Book{Knuth73,
  author =	 {D. E. Knuth},
  title =	 {Sorting and Searching},
  volume =	 {3},
  series =	 {The Art of Computer Programming},
  year =	 {1973},
  publisher =	 {Addison-Wesley},
  address =	 {Reading, MA},
  annote =	 {;}
}

@Book{Knuth93,
  author =	 {D. E. Knuth},
  title =	 {The Stanford GraphBase: A Platform for Combinatorial
                  Computing},
  year =	 {1993},
  publisher =	 {ACM Press},
  address =	 {New York, NY},
  annote =	 {;}
}

@Article{Kruskal83,
  author =	 {C. P. Kruskal},
  title =	 {Searching, Merging, and Sorting in Parallel
                  Computation},
  journal =	 ieeetc,
  year =	 {1983},
  month =	 Oct,
  volume =	 {32},
  number =	 {10},
  pages =	 {942--946},
  annote =	 {;}
}

@InProceedings{LJC95,
  author =	 {K. E. Lee and C. J. Jeong and J. H. Chang},
  title =	 {An Efficient Parallel Algorithm for the Minimum
                  Spanning Trees Problem},
  booktitle =	 {Proceedings of 1995 Fall Conference of Korea
                  Information Science Society},
  year =	 1995,
  pages =	 {1489--1492}
}

@InProceedings{LMS95,
  author =	 {T. Leighton and Y. Ma and T. Suel},
  title =	 {On Probabilistic Networks for Selection, Merging,
                  and Sorting},
  booktitle =	 spaa95,
  year =	 1995,
  pages =	 {106--118},
  annote =	 {;}
}

@InProceedings{LR94,
  author =	 {I. Lee and S. Rajasekaran},
  title =	 {A Parallel Algorithm for Relational Coarsest
                  Partition Problems and Its Implementation},
  booktitle =	 {Proceedings of CAV'94},
  year =	 1994
}

@InProceedings{LSZ93,
  author =	 {M. Luby and A. Sinclair and D. Zuckerman},
  title =	 {Optimal Speedup of Las Vegas Algorithms},
  booktitle =	 {Proceedings of the 2nd Israel Symposium on Theory of
                  Computing and Systems},
  year =	 1993,
  month =	 Jun
}

@Book{Leighton92,
  author =	 {F. T. Leighton},
  title =	 {Introduction to Parallel Algorithms and
                  Architectures: Arrays, Trees, Hypercubes},
  year =	 1992,
  publisher =	 {Morgan Kauffman},
  address =	 {San Mateo, CA},
  annote =	 {MUST-READ; architecture-dependent algorithms but
                  very excellent;}
}

@TechReport{Lovasz94,
  author =	 {L. Lov\'{a}sz},
  title =	 {Random walks on graphs: {A} Survey},
  institution =	 {Department of Computer Science, Yale University},
  year =	 1994,
  type =	 {Technical Report},
  number =	 {Yale/DCS/TR1029},
  address =	 {New Haven, CT},
  month =	 May
}

@Book{Lynch96,
  author =	 {N. Lynch},
  title = 	 {Distributed Algorithms},
  publisher = 	 mkp,
  year = 	 1996,
  address =	 mkpa
}

@TechReport{MJ88,
  author =	 {A. Moitra and R. Johnson},
  title =	 {Parallel Algorithms for Maximum Matching and Other
                  Problems on Interval Graphs},
  institution =	 {Department of Computer Science, Cornell University},
  year =	 1988,
  type =	 {Technical Report},
  number =	 {TR 88-927},
  address =	 cornella,
  month =	 Jul
}

@Book{MR95,
  author =	 {R. Motwani and P. Raghavan},
  title =	 {Randomized Algorithms},
  year =	 {1995},
  publisher =	 cup,
  address =	 cupa
}

@TechReport{MSV86,
  author =	 {Y. Maon and B. Schieber and U. Vishkin},
  title =	 {Parallel Ear Decomposition Search ({E}{D}{S}) and
                  $st$-Numbering in Graphs},
  institution =	 {Computer Science Department, New York University},
  year =	 {1986},
  month =	 Feb,
  address =	 {New York, NY},
  number =	 {TR1986-222-U102},
  annote =	 {;}
}

@Book{Manber89,
  author =	 {U. Manber},
  title = 	 {Introduction to Computer Algorithms: A Creative Approach},
  publisher = 	 aw,
  year = 	 1989,
  address =	 awa
}

@Unpublished{Motwani91,
  author =	 {R. Motwani},
  title =	 {Average-case Analysis of Algorithms for Matchings
                  and Related Problems},
  note =	 {Manuscript}
}

@Unpublished{Motwani92,
  title =	 {Lecture Notes on Approximation Algorithms},
  author =	 {R. Motwani},
  organization = stanfordcsd,
  address =	 {Stanford, CA},
  year =	 {1992},
  annote =	 {to be published as a book; excellent;},
  note =	 {Manuscript}
}

@Book{Mulmuley93,
  author =	 {K. Mulmuley},
  title =	 {Computational Geometry: An Introduction through
                  Randomized Algorithms},
  year =	 1993,
  publisher =	 {Prentice-Hall},
  address =	 {Englewood Cliffs, NJ},
  annote =	 {second-choice text on randomized algorithms;}
}

@Article{NM82,
  author =	 {D. Nath and S. Maheshwari},
  title =	 {Parallel Algorithms for the Connected Components
                  Algorithm and Minimal Spanning Trees},
  journal =	 IPL,
  year =	 {1982},
  volume =	 {14},
  number =	 {3},
  pages =	 {7--11},
  annote =	 {presents no particular algorithms;}
}

@Article{NS79,
  author =	 {D. Nassimi and S. Sahni},
  title =	 {Bitonic Sort on a Mesh-Connected Parallel Computer},
  journal =	 ieeetc,
  year =	 {1979},
  month =	 Jan,
  volume =	 {27},
  number =	 {1},
  pages =	 {2--7},
  annote =	 {;}
}

@InProceedings{NSW92,
  author =	 {N. Nisan and E. Szemeredi and Avi Wigderson},
  title =	 {Undirected Connectivity in ${O}(\log^{1.5}n)$ Space},
  booktitle =	 {Proceedings of the 33rd Annual IEEE Symposium on
                  Foundations of Computer Science},
  year =	 {1992},
  pages =	 {24--29},
  annote =	 {compare this with \cite{JM91};}
}

@Book{ORourke87,
  author =	 {J. O'Rourke},
  title = 	 {Art Gallery Theorems and Algorithms},
  publisher = 	 {Oxford University Press},
  year = 	 1987
}

@InProceedings{Odlyzko94,
  author =	 {A. M. Odlyzko},
  title =	 {Search for the Maximum of a Random Walk},
  booktitle =	 stoc94,
  year =	 {1994},
  pages =	 {336--355},
  annote =	 {;}
}

@Book{PS82,
  author =	 {C. H. Papadimitriou and K. Steiglitz},
  title =	 {Combinatorial Optimization: Algorithms and
                  Complexity},
  year =	 {1982},
  publisher =	 {Prentice-Hall},
  address =	 {Englewood Cliffs, NJ},
  annote =	 {linear-programming approach to optimization;}
}

@Book{PS85,
  author =	 {F. P. Preparata and M. I. Shamos},
  title =	 {Computational Geometry: An Introduction},
  year =	 {1985},
  publisher =	 {Springer-Verlag},
  address =	 {New York, NY},
  annote =	 {;}
}

@Article{PT87,
  author =	 {R. Paige and R. E. Tarjan},
  title =	 {Three Partition Refinement Algorithms},
  journal =	 sicomp,
  year =	 1987,
  volume =	 16,
  number =	 6,
  month =	 Dec,
  pages =	 {973--989}
}

@Book{Parberry95,
  author =	 {I. Parberry},
  title =	 {Problems on Algorithms},
  year =	 {1995},
  publisher =	 {Prentice-Hall},
  address =	 {Englewood Cliffs, NJ},
  annote =	 {not-so-recommendable}
}

@Article{Pfaltz75,
  author =	 {J. L. Pfaltz},
  title =	 {Representing Graphs by {K}nuth Trees},
  journal =	 JACM,
  year =	 {1975},
  month =	 Jul,
  volume =	 {22},
  number =	 {3},
  pages =	 {361--366},
  annote =	 {;}
}

@InProceedings{RT94,
  author =	 {J. H. Reif and S. R. Tate},
  title =	 {Dynamic Parallel Tree Contraction},
  booktitle =	 spaa94,
  year =	 {1994},
  pages =	 {114--121},
  annote =	 {;}
}

@InProceedings{Rauch94,
  author =	 {M. Rauch},
  title =	 {Improved Data Structures for Fully Dynamic
                  Biconnectivity},
  booktitle =	 stoc94,
  year =	 {1994},
  pages =	 {686--695},
  annote =	 {;}
}

@Book{Reif92,
  editor =	 {J. H. Reif},
  title =	 {Synthesis of Parallel Algorithms},
  year =	 {1992},
  publisher =	 {Morgan Kaufmann},
  address =	 {San Mateo, CA},
  annote =	 {;}
}

@Book{SF96,
  author =	 {R. Sedgewick and P. Flajolet},
  title =	 {Introduction to the Analysis of Algorithms},
  year =	 {1996},
  publisher =	 {Addison-Wesley},
  address =	 {Reading, MA},
  annote =	 {;}
}

@Article{SJ81,
  author =	 {C. Savage and J. J{\'{a}}J\'{a}},
  title =	 {Fast, efficient parallel algorithms for some graph
                  problems},
  journal =	 sicomp,
  year =	 {1981},
  volume =	 {10},
  number =	 {4},
  month =	 Nov,
  pages =	 {682--691},
  annote =	 {algorithms for the following problems are presented:
                  connected components, minimum spanning trees,
                  biconnectivity, bridge, fundamental cycle; }
}

@Article{SV82,
  author =	 {Y. Shiloach and U. Vishkin},
  title =	 {An ${O}(\log n)$ Parallel connectivity algorithm},
  journal =	 jalgo,
  year =	 {1982},
  volume =	 {3},
  pages =	 {57--67},
  annote =	 {presents a $O(\log n)$-time, $O(m+n)$-processor CRCW
                  PRAM algorithm for the connected components
                  problem;}
}

@InProceedings{SV94,
  author =	 {S. C. Sahinalp and U. Vishkin},
  title =	 {Symmetry Breaking for suffix tree construction},
  booktitle =	 stoc94,
  year =	 {1994},
  pages =	 {300--309},
  annote =	 {;}
}

@Book{Schrijver98,
  author = 	 {A. Schrijver},
  title = 	 {Theory of Linear and Integer Programming},
  publisher = 	 wiley,
  year = 	 1998,
  address =	 wileya
}

@Article{Shermer94,
  author = 	 {T. C. Shermer},
  title = 	 {Recent Results in Art Galleries},
  journal = 	 {Proceedings of the IEEE},
  year = 	 1992,
  volume =	 80,
  number =	 9,
  pages =	 {1384--1399}
}

@Article{Subramanian94,
  author =	 {A. Subramanian},
  title =	 {A New Approach to Stable Matching Problems},
  journal =	 sicomp,
  year =	 1994,
  volume =	 23,
  number =	 4,
  month =	 Aug,
  pages =	 {671--700}
}

@Article{TC84,
  author =	 {Y. H. Tsin and F. Y. Chin},
  title =	 {Efficient Parallel Algorithms for a Class of Graph
                  Theoretic Problems},
  journal =	 sicomp,
  year =	 {1984},
  month =	 Aug,
  volume =	 {13},
  number =	 {3},
  pages =	 {580--599},
  annote =	 {;}
}

@Article{TK77,
  author =	 {C. D. Thompson and H. T. Kung},
  title =	 {Sorting on a Mesh-Connected Parallel Computer},
  journal =	 CACM,
  year =	 {1977},
  month =	 Apr,
  volume =	 {20},
  number =	 {4},
  pages =	 {263--271},
  annote =	 {;}
}

@InProceedings{TV84,
  author =	 {R. E. Tarjan and U. Vishkin},
  title =	 {Finding biconnected components and computing tree
                  functions in logarithmic parallel time},
  booktitle =	 focs84,
  year =	 1984,
  month =	 Oct
}

@Article{TV85,
  author =	 {R. E. Tarjan and U. Vishkin},
  title =	 {An efficient parallel biconnectivity algorithm},
  journal =	 sicomp,
  year =	 1985,
  volume =	 14,
  number =	 4,
  pages =	 {862--874},
  annote =	 {MUST-READ; introduced the Euler tour technique;}
}

@TechReport{Tarjan80,
  author =	 {R. E. Tarjan},
  title =	 {Recent Developments in the Complexity of
                  Combinatorial Algorithms},
  institution =	 {Computer Science Department, Stanford University},
  year =	 {1980},
  month =	 Jun,
  address =	 {Stanford, CA},
  number =	 {STAN-CS-80-794},
  annote =	 {;}
}

@Book{Tarjan83,
  author =	 {R. E. Tarjan},
  title =	 {Data Structures and Network Algorithms},
  year =	 1983,
  publisher =	 {SIAM},
  address =	 {Philadelphia, PA},
  series =	 {CBMS-NSF Regional Conference Series in Applied
                  Mathematics},
  number =	 44,
  annote =	 {MUST-READ; aweful;}
}

@Article{Tarjan87,
  author =	 {R. E. Tarjan},
  title =	 {Algorithm Design},
  journal =	 CACM,
  year =	 1987,
  month =	 Mar,
  volume =	 30,
  number =	 3,
  pages =	 {205--212},
  annote =	 {author's Turing award lecture;}
}

@Unpublished{Tompa91,
  author =	 {M. Tompa},
  title =	 {Lecture Notes on Pseudonumber Generators},
  note =	 {Manuscript},
  year =	 1991
}

@Book{Ullman84,
  author =	 {J. D. Ullman},
  title =	 {Computational Aspects of {V}{L}{S}{I}},
  year =	 {1984},
  publisher =	 {Computer Science Press},
  address =	 {Rockville, MD},
  annote =	 {;}
}

@Article{VD92,
  author =	 {P. J. Varman and K. Doshi},
  title =	 {Sorting with Linear Speedup on a Pipelined
                  Hypercube},
  journal =	 ieeetc,
  year =	 {1992},
  month =	 Jan,
  volume =	 {41},
  number =	 {1},
  pages =	 {97--103},
  annote =	 {ALGO,GRAPH}
}

@Book{Vazirani01,
  author =	 {V. V. Vazirani},
  title = 	 {Approximation Algorithms},
  publisher = 	 sv,
  year = 	 2001
}

@InProceedings{Vishin94,
  author =	 {U. Vishkin},
  title =	 {Can Parallel Algorithms Enhance Serial
                  Implementation? ({E}xtended {A}bstract)},
  booktitle =	 focs94,
  year =	 {1994},
  pages =	 {376--385},
  annote =	 {MUST-READ;}
}

@InProceedings{WG94,
  author =	 {D. P. Williamson and M. X. Goemans},
  title =	 {Computational Experience with an Approximation
                  Algorithm on Large-Scale {E}ulclidean Matching
                  Instances},
  booktitle =	 soda94,
  year =	 {1994},
  pages =	 {355--364},
  annote =	 {;}
}

@InProceedings{WH86,
  author =	 {R. A. Wagner and Y. Han},
  title =	 {Parallel Algorithms for Bucket Sorting and the Data
                  Dependent Prefix Problem},
  booktitle =	 icpp86,
  year =	 {1986},
  pages =	 {924--930},
  annote =	 {;}
}

@Article{Warshall62,
  author =	 {S. Warshall},
  title =	 {A Theorem on Boolean Matrices},
  journal =	 JACM,
  year =	 1962,
  volume =	 9,
  pages =	 {11--12},
  annote =	 {$O(n^3)$ algorithm;}
}

@InProceedings{Wen93,
  author =	 {Z. Wen},
  title =	 {Merging multiple lists in ${O}(\log n)$ time},
  booktitle =	 icpp93,
  year =	 {1993},
  pages =	 {205--208},
  annote =	 {;}
}

@Book{Wilf89,
  author =	 {H. S. Wilf},
  title =	 {Combinatorial Algorithms: An Update},
  year =	 {1989},
  month =	 May,
  series =	 {CBMS-NSF Regional Conference Series in Applied
                  Mathematics},
  number =	 {55},
  publisher =	 {SIAM},
  address =	 {Philadelphia, PA},
  annote =	 {essays on algorithmic thinking;}
}

@PhdThesis{Wyllie79,
  author =	 {J. C. Wyllie},
  title =	 {The Complexity of Parallel Computations},
  school =	 {Cornell University},
  year =	 1979,
  address =	 {Ithaca, NY}
}

@Article{YZ97,
  author = 	 {R. Yuster and U. Zwick},
  title = 	 {Finding Even Cycles Even Faster},
  journal = 	 {SIAM Journal on Discrete Mathematics},
  year = 	 1997,
  volume =	 10,
  number =	 2,
  month =	 May,
  pages =	 {209--222}
}

@InProceedings{Yannakakis92,
  author =	 {M. Yannakakis},
  title =	 {On the Approximation of Maximum Satisfiability},
  booktitle =	 soda92,
  year =	 {1992},
  pages =	 {1--9},
  annote =	 {;}
}

