@Misc{56k,
  author =	 {Anon},
  title =	 {Expecting 56k (V.90/X2/K56)},
  howpublished = {{\tt{}http://www.hal-pc.org/\~{}wdg/56k.html}}
}

@TechReport{ABLP91,
  author = 	 {M. Abadi and M. Burrows and B. Lampson and G. Plotkin},
  title = 	 {A Calculus for Access Control in Distributed Systems},
  institution =  {Systems Research Center, Digital Equipment Corp.},
  year = 	 1991,
  type =	 {Research Report},
  number =	 70,
  month =	 Feb
}

@InProceedings{ADZ99,
  author = 	 {M. Aron and P. Druschel and W. Zwaenepoel},
  title = 	 {Efficient Support for {P}-{H}{T}{T}{P} in Cluster-Based Web
                  Servers},
  booktitle = 	 {Proceedings of The 1999 USENIX Annual Technical Conference},
  year =	 1999,
  month =	 Jun
}

@Article{AF89,
  author = 	 {Y. Artsy and R. Finkel},
  title = 	 {Designing a process migration facility: The {C}harlotte
                  experience},
  journal = 	 {IEEE Computer},
  year = 	 1988,
  volume =	 21,
  number =	 2,
  pages =	 {23--36}
}

@Misc{AISNote02,
  author =	 {H. Schulzrinne},
  title =	 {Internet Foundations},
  howpublished = {Lecture Slide for CS 6181 Advanced Internet Services},
  month =	 Sep,
  year =	 2001
}


@Misc{AISNote:Audio,
  author =	 {H. Schulzrinne},
  title =	 {Audio},
  howpublished = {Lecture Slide for CS 6181 Advanced Internet Services},
  month =	 Oct,
  year =	 2001
}

@InProceedings{AP95,
  author = 	 {E. W. Anderson and J. Pasquale},
  title = 	 {The Performance of the Container Shipping {I}/{O} System},
  booktitle = 	 sosp95,
  year =	 1995
}

@InProceedings{APGG00,
  author = 	 {K. Amiri and D. Petrou and G. R. Ganger and G. A. Gibson},
  title = 	 {Dynamic Function Placement for Data-Intensive
                  Cluster Computing},
  booktitle = 	 {Proceedings of 2000 USENIX Annual Technical Conference},
  year =	 2000
}

@InProceedings{ASDZ00,
  author = 	 {M. Aron and D. Sanders and P. Druschel and W. Zwaenepoel},
  title = 	 {Scalable Content-Aware Request Distribution in Cluster-Based
                  Network Servers},
  booktitle = 	 {Proceedings of 2000 USENIX Annual Technical Conference},
  year =	 2000
}

@Book{Agha86,
  author =	 {G. Agha},
  title = 	 {Actors: A Model of Concurrent Computation in Distributed
                  Systems},
  publisher = 	 mitp,
  year = 	 1986,
  address =	 mitpa
}

@Article{Awerbuch85,
  author =       {B. Awerbuch},
  title =        {Complexity of Network Synchronization},
  journal =      jacm,
  year =         1985,
  volume =       32,
  number =       4,
  pages =        {804--823},
  month =        Oct
}

@Book{BC01,
  author =	 {D. P. Bovet and M. Cesati},
  title = 	 {Understanding the Linux Kernel},
  publisher = 	 ora,
  year = 	 2001
}

@Book{BC06,
  author =	 {D. P. Bovet and M. Cesati},
  title = 	 {Understanding the Linux Kernel},
  publisher = 	 {O'Reilly},
  edition =      {third}, 
  year = 	 2006
}

@InProceedings{BDM99,
  author = 	 {G. Banga and P. Druschel and J. Mogul},
  title = 	 {Resource Containers: A New Facility for Resource Management 
                  in Server Systems},
  booktitle = 	 osdi99,
  pages =	 {45--58},
  year =	 1999
}

@Article{BK98,
  author = 	 {I. Ben-Shaul and G. E. Kaiser},
  title = 	 {Federating Process-Centered Environments: the {O}z Experience},
  journal = 	 {Journal of Automated Software Engineering},
  year = 	 1998,
  volume =	 5,
  pages =	 {97--132}
}

@InCollection{BM93,
  author =	 {\"{O}. Babao\u{g}lu and K. Marzullo},
  editor =	 {S. Mullender},
  booktitle = 	 {Distributed Systems},
  title = 	 {Consistent Global States of Distributed Systems: Fundamental
                  Concepts and Mechanisms},
  publisher = 	 aw,
  year = 	 1993,
  address =	 awa,
  edition =	 {second},
  pages =	 {55--96}
}

@InProceedings{BM98,
  author = 	 {G. Banga and J. C. Mogul},
  title = 	 {Scalable Kernel Performance for Internet Servers under
                  Realistic Loads},
  booktitle = 	 {Proceedings of the 1998 USENIX Technical Conference},
  year =	 1998
}

@Article{BN84,
  author =       {A. Birrell and B. J. Nelson},
  title =        {Implementing Remote Procedure Calls},
  journal =      tocs,
  year =         1984,
  volume =       2,
  number =       1,
  pages =        {39--59},
  month =        Feb
}

@TechReport{BNOW94,
  author = 	 {A. Birrell and G. Nelson and S. Owicki and E. Wobber},
  title = 	 {Network Objects},
  institution =  {Digital Equipment Corporation},
  year = 	 1994,
  type =	 {SRC Research Report},
  number =	 115
}

@Article{BSW89,
  author = 	 {A. Barak and A. Shiloh and R. Wheeler},
  title = 	 {Flood prevention in the {M}{O}{S}{I}{X} load-balancing
                  scheme},
  journal = 	 {IEEE Computer Society Technical Committe on Operating
                  Systems Newletter},
  year = 	 1989,
  volume =	 3,
  number =	 1,
  pages =	 {23--27}
}

@InProceedings{BVCG04,
  author =       {M. Budiu and G. Venkataramani and T. Chelcea and
                  S. C. Goldstein},
  title =        {Spatial Computatin},
  booktitle =    {Proc. ASPLOS'04},
  year =         2004
}

@InProceedings{BW89,
  author = 	 {A. Barak and R. Wheeler},
  title = 	 {M{O}{S}{I}{X}: An Integrated Multiprocessor {U}{N}{I}{X}},
  booktitle = 	 {Proceedings of the USENIX Winter 1989 Technical Conference},
  pages =	 {101--112},
  year =	 1989,
  month =	 Feb
}

@Book{Bach86,
  author =	 {M. J. Bach},
  title =	 {Design of the UNIX Operating System},
  year =	 1986,
  publisher =	 ph,
  address =	 pha
}

@Unpublished{Birman96,
  author =	 {K. P. Birman},
  title =	 {The {U}{N}{I}{X} Filesystem and Dynamic Linking},
  note =	 {Manuscript},
  year =	 1996,
}

@TechReport{Birrell89,
  author =	 {A. Birrell},
  title =	 {An Introduction to Programming with Threads},
  institution =	 {DEC Systems Research Center},
  year =	 1989,
  type =	 {Research Report},
  number =	 {35},
  address =	 {Palo Alto, CA}
}

@Book{Bloomer92,
  author =	 {J. Bloomer},
  title = 	 {Power Programming with RPC},
  publisher = 	 {O'Reilly \& Associates, Inc.},
  year = 	 1992,
  address =	 {Sebastopol, CA}
}

@InProceedings{CALLL89,
  author = 	 {J. S. Chase and F. G. Amador and E. D. Lazowska and
                  H. H. Levy and R. J. Littlefield},
  title = 	 {The {Amber} System: Parallel Programming on a Network
                  of Multiprocessors},
  booktitle = 	 sosp89,
  pages =	 {147--158},
  year =	 1989
}

@InProceedings{CD94,
  author = 	 {D. R. Cheriton and K. J. Duda},
  title = 	 {A Caching Model of Operating System Kernel Functionality},
  booktitle = 	 osdi94,
  year =	 1994
}

@Book{CS99,
  author =	 {D. E. Culler and J. P. Singh},
  title = 	 {Parallel Computer Architecture},
  publisher = 	 mkp,
  year = 	 1999
}

@InProceedings{CSWH00,
  author = 	 {I. Clarke and O. Sandberg and B. Wiley and T. W. Hong},
  title = 	 {Freenet: A Distributed Anonymous Information Storage and
                  Retrieval System},
  booktitle = 	 {Designing Privacy Enhancing Technologies: International
                  Workshop on Design Issues in Anonymity and Unobservability},
  year =	 2000,
  month =	 Jun
}

@InProceedings{Cardelli95,
  author = 	 {L. Cardelli},
  title = 	 {A language with distributed scope},
  booktitle = 	 popl95,
  pages =	 {286--297},
  year =	 1995
}

@Misc{CiscoIGMPv3,
  author =	 {Cisco, Inc.},
  title =	 {Source specific multicast with {I}{G}{M}{P}v3, 
                  {I}{G}{M}{P} v3lite, and {U}{R}{D}},
  howpublished = {A Documentation from Cisco Internetworking Solutions},
  year =	 2001
}

@InProceedings{DB96,
  author = 	 {P. Druschel and G. Banga},
  title = 	 {Lazy Receiver Processing ({L}{R}{P}): A Network Subsystem
                  Architecture for Server Systems},
  booktitle = 	 osdi96,
  year =	 1996
}

@Article{DC90,
  author = 	 {S. E. Deering and D. R. Cheriton},
  title = 	 {Multicast Routing in Datagram Internetworks and Extended
                  {L}{A}{N}s},
  journal = 	 {ACM Transactions on Computer Systems},
  year = 	 1990,
  volume =	 8,
  number =	 2,
  pages =	 {85--110},
  month =	 May
}

@InProceedings{DG04,
  author =       {J. Dean and S. Ghemawat},
  title =        {{MapReduce}: {Simplified} Data Processing on Large Clusters},
  booktitle = osdi04,
  pages =       {10--10},
  year =        2004
}

@InProceedings{DKS89,
  author = 	 {A. Demers and S. Keshav and S. Shenker},
  title = 	 {Design and Analysis of A Fair Queueing Algorithm},
  booktitle = 	 {Proceedings of ACM SIGCOMM '89},
  pages =	 {1--12},
  year =	 1989,
  month =	 Sep
}

@Article{DO91,
  author = 	 {F. Douglis and J. Ousterhout},
  title = 	 {Transparent Process Migration: Design Alternatives and the
                  {S}prite Implementation},
  journal = 	 {Software Practice \& Experience},
  year = 	 1991,
  volume =	 21,
  number =	 8
}

@Misc{DSLFAQ,
  author =	 {DSL Forum},
  title =	 {D{S}{L} {F}{A}{Q}},
  howpublished = {{\tt{}http://www.adsl.com/aboutdsl/faq.html}},
  year =	 2001
}

@Misc{DSLFAQ,
  author =	 {DSL Forum},
  title =	 {D{S}{L} {F}{A}{Q}},
  howpublished = {{\tt{}http://www.adsl.com/aboutdsl/faq.html}},
  year =	 2001
}

@Misc{DSLForum00,
  author =	 {DSL Forum},
  title =	 {A General Introduction to Copper Access Technologies},
  howpublished = {{\tt{}http://www.adsl.com/aboutdsl/general\_tutorial.html}}
}

@Book{Deitel90,
  author =	 {H. M. Deitel},
  title = 	 {Operating Systems},
  publisher = 	 aw,
  year = 	 1990,
  address =	 awa,
  edition =	 {2nd}
}

@InProceedings{Duval98,
  author = 	 {G. Duval},
  title = 	 {Specification and Verification of an Object Request Broker},
  booktitle = 	 icse98,
  year =	 1998,
  pages =	 {43--52}
}

@InProceedings{EKO95,
  author = 	 {D. R. Engler and M. F. Kaashoek and J. O'Tool Jr.},
  title = 	 {Exokernel: An Operating System Architecture for
                  Application-Level Resource Management},
  booktitle = 	 sosp95,
  pages =	 {267--284},
  year =	 1995
}

@InProceedings{FGCBG97,
  author = 	 {A. Fox and S. D. Gribble and Y. Chawathe and E. A. Brewer
                  and P. Gauthier},
  title = 	 {Cluster-Based Scalable Network Services},
  booktitle = 	 sosp97,
  pages =	 {78--91},
  year =	 1997
}

@Article{Flynn66,
  author =	 {M. J. Flynn},
  title =	 {Very High-Speed Computing Systems},
  journal =	 {Proceedings of the IEEE},
  year =	 1966,
  month =	 Dec,
  volume =	 54,
  number =	 12,
  pages =	 {1901--1909}
}

@InProceedings{GBHC00,
  author = 	 {S. D. Gribble and E. A. Brewer and J. M. Hellerstein and
                  D. Culler},
  title = 	 {Scalable, Distributed Data Structures for Internet Service
                  Construction},
  booktitle = 	 osdi00,
  year =	 2000,
  month =	 Oct
}

@Book{GC94,
  author =	 {B. Goodheart and J. Cox},
  title =	 {The Magic Garden Explained: The Internals of UNIX
                  System V Release 4, An Open Systems Design},
  year =	 1994,
  publisher =	 ph,
  address =	 pha
}

@InProceedings{Ghemawat03,
  author = 	 {S. Ghemawat and H. Gobioff and S. Leung},
  title = 	 {The Google File System},
  booktitle =    {The Proceedings of 19th ACM Symposium on Operating Systems
                  Principles (SOSP'03)},
  year = 	 2003}

@InProceedings{HC92,
  author = 	 {K. Harty and D. R. Cheriton},
  title = 	 {Application-Controlled Physical Memory using External
                  Page-Cahe Management},
  booktitle = 	 asplos92,
  pages =	 {187--199},
  year =	 1992
}

@InProceedings{HC99,
  author = 	 {G. C. Hunt and M. L. Scott},
  title = 	 {The {C}oign automatic distributed partitioning system},
  booktitle = 	 {Proceedings of the 3rd Symposium on Operating
                  Systems Design and Implementation (OSDI'03)},
  pages =	 {187--200},
  year =	 1999
}

@Article{HD97,
  author = 	 {M. Harchol-Balter and A. B. Downey},
  title = 	 {Exploiting Process Lifetime Distributions for Dynamic Load
                  Balancing},
  journal = 	 {ACM Transactions on Computer Systems},
  year = 	 1997,
  volume =	 15,
  number =	 3,
  pages =	 {253--285},
  month =	 Aug
}

@Misc{HDTVFAQ,
  author =	 {D. E. Cripps},
  title =	 {{H}{D}{T}{V} {F}{A}{Q}},
  howpublished = {{\tt{}http://web-star.com/hdtv/faq.html}},
}

@Book{HGP00,
  author =	 {O. Hersent and D. Gurle and J.-P. Petit},
  title = 	 {IP Telephony: Packet-based multimedia communications systems
                  },
  publisher = 	 aw,
  year = 	 2000,
  address =	 awa
}

@Book{HP96,
  author = 	 {J. L. Hennessy and D. A. Patterson},
  title = 	 {Computer Architecture: A Quantitative Approach},
  publisher = 	 mk,
  year = 	 1996,
  address =	 mka,
  edition =	 {2nd}
}


@Book{HP97,
  author = 	 {J. L. Hennessy and D. A. Patterson},
  title = 	 {Computer Organization and Design: 
                  The Hardware/Software Interface}, 
  publisher = 	 mk,
  year = 	 1997,
  address =	 mka,
  edition =	 {2nd}
}

@Book{HS12,
  author =       {M. Herlihy and N. Shavit},
  title =        {The Art of Multiprocessor Programming},
  publisher =    mkp,
  year =         2012}

@InProceedings{HS99,
  author = 	 {G. C. Hunt and M. L. Scott},
  title = 	 {The {C}oign automatic distributed partitioning system},
  booktitle = 	 osdi99,
  year =	 1999
}

@InProceedings{Hand99,
  author = 	 {S. M. Hand},
  title = 	 {Self-Paging in the {N}emesis Operating System},
  booktitle = 	 {Proceedings of the 3rd Symposium on Operating Systems Design
                  and Implementation},
  year =	 1999
}
@Misc{Hgscable,
  author =	 {H. Schulzrinne},
  title =	 {Internet Technical Resources: {C}able ({C}{A}{T}{V}) 
                  {I}nternet Access finger},
  howpublished = {{\tt{}http://www.cs.columbia.edu/\~{}hgs/internet/cable.html}}
}

@Book{Hillis85,
  author =	 {W. D. Hillis},
  title =	 {The Connection Machine},
  year =	 1985,
  publisher =	 mitp
}

@Manual{IA32-1,
  title = 	 {IA-32 Intel Architecture Software Developer's
                  Manual, Volume 1: Basic Architecture},
  author =	 {Intel Corporation},
  year =	 2001
}

@Manual{IA32-2,
  title = 	 {IA-32 Intel Architecture Software Developer's
                  Manual, Volume 2: Instruction Set Reference},
  author =	 {Intel Corporation},
  year =	 2001
}

@Manual{IA32-3,
  title = 	 {IA-32 Intel Architecture Software Developer's
                  Manual, Volume 3: System Programmer's Guide},
  author =	 {Intel Corporation},
  year =	 2001
}

@Misc{IEEE802.11b,
  author =	 {IEEE},
  title =	 {802.11b-1999: Supplement to 802.11-1999, Wireless
                  {L}{A}{N} {M}{A}{C} and {P}{H}{Y} specifications:
                  {H}igher speed Physical Layer ({P}{H}{Y}) extension
                  in the 2.4{G}{H}z Band},
  year =	 1999
}

@InProceedings{IPCWTG09,
  author =       {M. Isard and V. Prabhakaran and J. Currey and U. Wieder and
                  K. Talwar and A. Goldberg},
  title =        {Quincy: Fair Scheduling for Distributed Computing Clusters},
  booktitle =     sosp09,
  pages =        {261--276},
  year =         2009
}

@InProceedings{Isard07,
  author =       {M. Isard and M. Budiu and Y. Yu and A. Birrell and
                  D. Fetterly}, 
  title =        {Dryad: Distributed Data-Parallel Programs from Sequential
                  Building Blocks},
  booktitle =    {Proceedings of the 2nd ACM SIGOPS/EuroSys European
                  Conference on Computer Systems (EuroSys'07)}, 
  pages =        {59--72},
  year =         2007
}

@Book{Jain91,
  author =	 {R. Jain},
  title = 	 {The Art of Computer Systems Performance Analysis},
  publisher = 	 wiley,
  year = 	 1991,
  address =	 wileya
}

@Book{KGGK94,
  author =	 {V. Kumar and A. Grama and A. Gupta and G. Karypis},
  title =	 {Introduction to Parallel Computing: Design and
                  Analysis of Algorithms},
  publisher =	 {Benjamin/Cummings},
  year =	 1994,
  address =	 {Redwood City, CA}
}

@Book{KR01,
  author =	 {J. F. Kurose and K. W. Ross},
  title = 	 {Computer Networking: A Top-Down Approach Featuring 
                  the Internet},
  publisher = 	 aw,
  address =	 awa,
  year = 	 2001
}

@Book{Keshav97,
  author =	 {S. Keshav},
  title = 	 {An Engineering Approach to Computer Networking: ATM
                  Networks, the Internet, and the Telephone Network},
  publisher = 	 aw,
  year = 	 1997,
  address =	 awa
}

@Book{Kleinrock75,
  author =	 {L. Kleinrock},
  title = 	 {Queueing Systems: Theory},
  publisher = 	 wiley,
  year = 	 1975,
  volume =	 {I}
}

@Misc{Kuhn:HDTV,
  author =	 {K. J. Kuhn},
  title =	 {H{D}{T}{V} Television -- {A}n Introduction},
  howpublished = {Course note on Consumer Electronics from {\tt{}http://www.ee.washington.edu/conselec/CE/kuhn/hdtv/95x5.htm}}
}

@Article{LABW92,
  author = 	 {B. W. Lampson and M. Abadi and M. Burrows and E. Wobber},
  title = 	 {Authentication in Distributed Systems: Theory and Practice},
  journal = 	 {ACM Transactions on Computer Systems},
  year = 	 1992,
  volume =	 10,
  number =	 4,
  pages =	 {265--310}
}

@Book{LMKQ89,
  author =	 {S. J. Leffler and M. K. McKusick and M. J. Karels
                  and J. S. Quaterman},
  title =	 {The Design and Implementation of the 4.3BSD UNIX
                  Operating System},
  year =	 {1989},
  publisher =	 aw,
  address =	 awa
}

@Article{Lamport78,
  author =       {L. Lamport},
  title =        {Time, Clocks, and the Ordering of Events in a Distributed
                  System},
  journal =      cacm,
  year =         1978,
  volume =       21,
  number =       7,
  pages =        {558--565},
  month =        Jul
}

@InProceedings{Lampson69,
  author = 	 {B. W. Lampson},
  title = 	 {Dynamic Protection Structures},
  booktitle = 	 {Proceedings of the AFIPS Fall Joint Computer Conference},
  year =	 1969,
  pages =	 {27--38}
}

@InProceedings{Lampson71,
  author = 	 {B. W. Lampson},
  title = 	 {Protection},
  booktitle = 	 {Proceedings of the 5th Annual
                  Princeton Conference on Information
                  Sciences and Systems},
  year =	 1971,
  pages =	 {437--443}
}

@Article{Lampson83,
  author = 	 {B. W. Lampson},
  title = 	 {Hints for Computer System Design},
  journal = 	 {Operating Systems Review},
  year = 	 1983,
  volume =	 15,
  number =	 5,
  pages =	 {33--48},
  month =	 Oct
}

@Unpublished{Lampson96,
  author = 	 {B. Lampson},
  title = 	 {Lecture Notes on {Principles} of {Computer Systems}},
  note = 	 {Laboratory for Computer Science, MIT},
  year =	 1996
}

@Misc{Lange97,
  author =	 {D. B. Lange},
  title =	 {Java Aglet Application Programming Interface 
                  ({J}-{A}{A}{P}{I})},
  howpublished = {White Paper -- Draft 2},
  year =	 1997
}

@InProceedings{MD93,
  author = 	 {P. E. McKenny and K. F. Dove},
  title = 	 {Efficient Demultiplexing of Incoming TCP Packets},
  booktitle = 	 {Proceedings of the SIGCOMM'92 Conference},
  year =	 1993
}

@InProceedings{MDPWZ00,
  author =       {D. Miloji\v{c}i\'{c} and F. Douglis and Y. Paindaveine and
                  R. Wheeler and S. Zhou},
  title =        {Process Migration},
  booktitle = csur,
  pages =     {241--299},
  year =      2000,
  volume =    32,
  number =    3,
  month =     Sep
}

@Book{MDW99,
  editor =	 {D. Miloji\v{c}i\'{c} and F. Douglis and R. Wheeler},
  title = 	 {Mobility: Processes, Computers, and Agents},
  publisher = 	 {ACM Press},
  year = 	 1999
}

@Article{MO98,
  author = 	 {H. McGhan and M. O'Connor},
  title = 	 {{PicoJava}: A Direct Execution Engine for {Java} Bytecode},
  journal = 	 {Computer},
  year = 	 1998,
  volume = 	 31,
  number = 	 10,
  pages = 	 {22--30}
}

@Book{MOO87,
  author =	 {M. Maekawa and A. E. Oldehoeft and R. R. Oldehoeft},
  title = 	 {Operating Systems: Advanced Concepts},
  publisher = 	 {Benjamin/Cummings},
  year = 	 1987,
  address =	 {Menlo Park, CA}
}

@Book{Mano93,
  author =	 {M. Mano},
  title = 	 {Computer System Architecture},
  publisher = 	 ph,
  year = 	 1993
}

@Book{Mullender93,
  editor =	 {S. Mullender},
  title =	 {Distributed Systems},
  publisher =	 aw,
  edition =	 {2nd},
  year =	 1993
}

@InProceedings{MvD76,
  author = 	 {J. Michel and A. van Dam},
  title = 	 {Experience with Distributed Processing in a Host/Satellite 
                  System},
  booktitle = 	 {Proceedings of SIGGRAPH '76},
  pages =	 {190--195},
  year =	 1976
}

@InProceedings{NVZ01,
  author = 	 {J. Nieh and C. Vaill and H. Zhong},
  title = 	 {Virtual-Time Round-Robin: An ${O}(1)$ Proportional Share
                  Scheduler},
  booktitle = 	 {Proceedings of the 2001 USENIX Annual Technical Conference},
  year =	 2001
}

@Book{PD00,
  author =	 {L. L. Peterson and B. S. Davie},
  title = 	 {Computer Networks: A Systems Approach},
  publisher = 	 mkp,
  year = 	 2000,
  edition =	 {second}
}

@InProceedings{PDZ99,
  author = 	 {V. S. Pai and P. Druschel and W. Zwaenepoel},
  title = 	 {I{O}-{L}ite: A unified {I}/{O} Buffering and Caching System},
  booktitle = 	 osdi99,
  year =	 1999
}

@Article{PG93,
  author = 	 {A. K. Parekh and R. G. Gallager},
  title = 	 {A Generalized Processor Sharing Approach to Flow Control in
                  Integrated Services Networks -- The Single Node Case},
  journal = 	 {IEEE/ACM Transactions on Networking},
  year = 	 1993,
  volume =	 1,
  number =	 3,
  pages =	 {344--357},
  month =	 Jun
}

@Book{Peterson81,
  author =	 {J. L. Peterson},
  title = 	 {Petri Net Theory and The Modeling of Systems},
  publisher = 	 ph,
  year = 	 1981,
  address =	 pha
}

@InProceedings{RAS96,
  author = 	 {M. Ranganathan and A. Acharya and J. Saltz},
  title = 	 {Distributed Resource Monitor for Mobile Objects},
  booktitle = 	 {Proceedings of the 6th IEEE International Workshop
                  on Object Orientation in Operating Systems},
  year =	 1996
}

@Misc{RFC1546,
  author =	 {C. Partridge and T. Mendez and W. Milliken},
  title =	 {Host Anycasting Service},
  howpublished = {IETF RFC 1546},
  month =	 Nov,
  year =	 1993
}

@Misc{RFC2663,
  author =	 {P. Srisuresh and M. Holdrege},
  title =	 {{I}{P} Network Address Translator ({N}{A}{T})
                  Terminology and Considerations},
  howpublished = {IETF RFC 2663},
  month =	 Aug,
  year =	 1999
}

@Misc{RFC3022,
  author =	 {P. Srisuresh and K. Egevang},
  title =	 {Traditional {I}{P} Network Address Translator
                  (Traditional {N}{A}{T})},
  howpublished = {IETF RFC 3022},
  month =	 Jan,
  year =	 2001
}

@Article{RT74,
  author =	 {D. M. Ritchie and K. Thompson},
  title =	 {The {U}{N}{I}{X} Time-Sharing System},
  journal =	 cacm,
  volume =	 17,
  number =	 7,
  year =	 1974,
  month =	 Jul,
  pages =	 {365--375}
}

@Book{Raynal13,
  author =       {M. Raynal},
  title =        {Distributed Algorithms for Message-Passing Systems},
  publisher =    sv,
  year =         2013}

@Book{Raynal88,
  author =	 {M. Raynal},
  title = 	 {Networks and Distributed Computation},
  publisher = 	 {MIT Press},
  year = 	 1988,
  series =	 {Computer Systems Series},
  address =	 mita
}

@InProceedings{Rossbach13,
  author = 	 {C. J. Rossbach and Y. Yu and J. Currey and J.-P. Martin and
                  D. Fetterly},
  title = 	 {Dandelion: A compiler and runtime for heterogeneous systems},
  booktitle =    sosp13,
  year = 	 2013,
  pages = 	 {49--68}
}

@Article{SC96,
  author = 	 {S. Andreoli and A. Cecconelli},
  title = 	 {8{V}{S}{B} Modulator for the {U}{S}{A} Grand
                  Alliance -- {H}{D}{T}{V}},
  journal = 	 {Itelco Journal},
  year = 	 1996,
  volume =	 {issue 14},
  month =	 Feb
}

@Book{SG98,
  author =	 {A. Silberschatz and P. Galvin},
  title =	 {Operating System Concepts},
  publisher =	 aw,
  year =	 1998,
  edition =	 {5th},
  address =	 awa
}

@Book{SGG00,
  author =	 {A. Silberschatz and P. Galvin and G. Gagne},
  title = 	 {Applied Operating System Concepts},
  publisher = 	 wiley,
  year = 	 2000,
  address =	 wileya
}

@Article{SH82,
  author = 	 {J. F. Soch and J. A. Hupp},
  title = 	 {The Worm Programs -- Early Experience with a Distributed 
                  Computation},
  journal = 	 cacm,
  year = 	 1982,
  volume =	 25,
  number =	 3,
  pages =	 {172--180},
  month =	 Mar
}

@Book{SK09,
  author =    {J. Saltzer and M. F. Kaashoek},
  title =        {Principles of Computer System Design: An Introduction},
  publisher =    mkp,
  year =         2009}

@InProceedings{SMKKB01,
  author = 	 {I. Stoica and R. Morris and D. Karger and M. F. Kaashoek and
                  H. Balakrishnan},
  title = 	 {Chord: A Scalable Peer-to-peer Lookup Service for Internet
                  Applications},
  booktitle = 	 sigcomm01,
  pages =	 {149--160},
  year =	 2001
}

@Article{Sanchez99,
  author = 	 {J. Manjarrez-Sanchez},
  title = 	 {Implementing {L}inux System Calls},
  journal = 	 {Linux Journal},
  year = 	 1999,
  volume =	 {issue 68},
  month =	 Dec
}

@Book{Schoeberl09,
  author = 	 {M. Schoeberl},
  title = 	 {{JOP} Reference Handbook},
  publisher = 	 {CreateSpace},
  year = 	 2009
}

@InCollection{Surtani13,
  author =       {M. Surtani},
  editor =       {T. Armstrong},
  booktitle =    {The Performance of Open Source Applications},
  title =        {Infinispan},
  publisher =    {Lulu},
  year =         2013,
  chapter =      7
}

@Book{TS01,
  author =	 {A. S. Tanenbaum and M. v. Steen},
  title = 	 {Distributed Systems: Principles and Paradigms},
  publisher = 	 ph,
  year = 	 2001
}

@Book{Tanenbaum87,
  author =	 {A. S. Tanenbaum},
  title =	 {Operating Systems: Design and Implementation},
  year =	 {1987},
  publisher =	 ph,
  address =	 pha
}

@Book{Tanenbaum92,
  author =	 {A. S. Tanenbaum},
  title =	 {Modern Operating Systems},
  year =	 {1992},
  publisher =	 ph,
  address =	 pha
}

@Book{Tanenbaum96,
  author =	 {A. S. Tanenbaum},
  title = 	 {Computer Networks},
  publisher = 	 ph,
  year = 	 1996,
  address =	 pha,
  edition =	 {third}
}

@Book{Tanenbaum97,
  author =	 {A. S. Tanenbaum and A. S. Woodhull},
  title =	 {Operating Systems: Design and Implementation},
  year =	 {1997},
  publisher =	 ph,
  edition =      {2nd},
  address =	 pha
}

@Article{Taylor02,
  author = 	 {M. B. Taylor and J. Kim and J. Miller and D. Wentzlaff and
                  F. Ghodrat and B. Greenwald and H. Hoffman and P. Johnson
                  and J. Lee and W. Lee and A. Ma and A. Saraf and M. Seneski
                  and N. Shnidman and V. Strumpen and M. Frank and
                  S. Amarasinghe and A. Agarwal},
  title = 	 {The {Raw} Microprocessor: A Computational Fabric for
                  Software Circuits and General-Purpose Programs},
  journal = 	 {IEEE Micro},
  year = 	 2002,
  pages = 	 35
}

@InProceedings{VBEYACD98,
  author = 	 {A. Vahdat and E. Belani and P. Eastham and C. Yoshikawa and
                  T. Anderson and D. Culler and M. Dahlin},
  title = 	 {Web{O}{S}: Operating System Srevices for Wide Area
                  Applications},
  booktitle = 	 {Proceedings of the 7th Symposium on Hugh Performance
                  Distributed Computing},
  year =	 1998
}

@InProceedings{WCB01,
  author = 	 {M. Welsh and D. Culler and E. Brewer},
  title = 	 {S{E}{D}{A}: An Architecture for Well-Conditioned, Scalable
                  Internet Services},
  booktitle = 	 sosp01,
  year =	 2001
}


@Book{WH90,
  author =	 {S. A. Ward and R. H. Halstead, Jr.},
  title = 	 {Computation Structures},
  publisher = 	 {MIT Press},
  year = 	 1990,
  address =	 mita
}

@Misc{WIRELESSFAQ,
  author =	 {Center for Wireless Telecommunications, Virgina Tech},
  title =	 {C{W}{T}'s Wireless {F}{A}{Q}},
  howpublished = {{\tt{}http://www.cwt.vt.edu/wireless\_faq}},
  year =	 2000
}

@InProceedings{WW94,
  author = 	 {C. A. Waldspurger and W. E. Weihl},
  title = 	 {Lottery Scheduling: Flexible Proportional-Share Resource
                  Management},
  booktitle = 	 {Proceedings of the 1st Symposium on Operating Systems Design
                  and Implementation},
  pages =	 {1--11},
  year =	 1994
}

@TechReport{WW95,
  author = 	 {C. A. Waldspurger and W. E. Weihl},
  title = 	 {Stride Scheduling: Deterministic Proportional-Share Resource
                  Management},
  institution =  {MIT Laboratory for Computer Science},
  year = 	 1995,
  type =	 {Technical Memorandum},
  number =	 {MIT/LCS/TM-528}
}


@PhdThesis{Wetherall99,
  author = 	 {D. J. Wetherall},
  title = 	 {Service Introductions in an Active Network},
  school = 	 {Massachusetts Institute of Technology},
  year = 	 1999,
  month =	 Feb
}

@InProceedings{YTRGECBBB87,
  author = 	 {M. Young and A. Tevanian and R. Rashid and D. Golub and
                  J. Eppinger and J. Chew and W. Bolosky and D. Black and
                  R. Baron},
  title = 	 {The Duality of Memory and Communication in the
                  Implementation of a Multiprocessor Operating System},
  booktitle = 	 sosp87,
  pages =	 {63--76},
  year =	 1987
}

@InProceedings{Yokote92,
  author = 	 {Y. Yokote},
  title = 	 {The {A}pertos Reflective Operating System: The Concept
                  and Its Implementation},
  booktitle = 	 OOPSLA92,
  year =	 1992,
  pages =	 {414--434}
}

@Article{ZPGWBAR00,
  author = 	 {H. Zhang and V. Prabhu and V. George and M. Wan and M. Benes
                  and A. Abnous and J. M. Rabaey}, 
  title = 	 {A {1V} Heterogeneous Reconfigurable Processor {IC} for
                  Baseband Wireless Applications},
  journal = 	 {Proc. International Solid-State Circuits Conference},
  year = 	 2000,
  pages = 	 {68--79}
}

@Manual{cad,
  title = 	 {Cougaar Archiecture Document, Version 8.6},
  author =	 {BBN},
  organization = {A BBN Technologies Document},
  month =	 Nov,
  year =	 2001
}

@Manual{cdg,
  title = 	 {Cougaar Developer's Guide, Version 8.8},
  author =	 {BBN},
  organization = {A BBN Technologies Document},
  month =	 Jan,
  year =	 2002
}

@TechReport{cougaar-arch,
  author = 	 {BBN Technologies},
  title = 	 {Cougaar Architecture Document},
  institution =  {BBN Technologies},
  year = 	 2001,
  type =	 {B{B}{N} Technologies Document},
  month =	 Nov
}

@Manual{ia32sw-1,
  title = 	 {Intel 64 and IA-32 Architecture Software Developer's Manual
                  -- Volume 1: Basic Architecture},
  organization = {Intel},
  month =	 Sep,
  year =	 2009
}

                  
@Comment  LocalWords:  howpublished wdg TechReport ABLP Abadi Lampson Plotkin
                  @Comment  LocalWords:  InProceedings Druschel Zwaenepoel
                  @Comment  LocalWords:  booktitle USENIX Finkel harlotte Sep
                  @Comment  LocalWords:  IEEE AISNote Schulzrinne sosp APGG
                  @Comment  LocalWords:  Amiri Petrou Ganger ASDZ Agha mitp
                  @Comment  LocalWords:  mitpa
