@Article{Abramsky87,
  author = 	 {S. Abramsky},
  title = 	 {Observational equivalence as a testing equivalence},
  journal = 	 {Theoretical Computer Science},
  year = 	 1987,
  volume =	 53,
  pages =	 {225--241}
}

@Manual{Auto,
  title = 	 {{\sc Auto/Mauto} User Manual},
  author =	 {D. Vergamini},
  organization = {INRIA},
  note =	 {version 2.3},
  year =	 1992,
  month =	 Jan
}

@TechReport{BB91,
  author = 	 {J. C. M. Baeten and J. A. Bergstra},
  title = 	 {A Survey of Axiom Systems for Process Algebras},
  institution =  {Programming Research Group, University of Amsterdam},
  year = 	 1991,
  type =	 {PRG Report},
  number =	 9111
}

@Article{BBK93,
  author = 	 {J. C. M. Baeten and J. A. Bergstra and J. W. Klop},
  title = 	 {Decidability of Bisimulation Equivalence for Process
		  Generating Context-Free Languages},
  journal = 	 jacm,
  year = 	 1993,
  volume =	 40,
  number =	 3,
  month =	 Jul,
  pages =	 {653--682}
}

@InCollection{BC89,
  author = 	 {T. Bolognesi and M. Caneve},
  title =        {Equivalence Verification: Theory, Algorithms and a Tool},
  booktitle = 	 {The Formal Description Technique LOTOS: Results of
		  the ESPRIT/SEDOS Project},
  publisher =	 nh,
  year =	 1989,
  editor =	 {P. H. J. van Eijk and C. A. Vissers and M. Diaz},
  pages =	 {303--326}
}

@Incollection{BG82,
  author =       {R. M. Burstall and J. A. Goguen},
  title	=        {Algebras, Theories and Freeness: An Introduction
                  for Computer Scientists},
  booktitle =    {Theoretical Foundations of Programming Methodology},
  editor =       {M. Broy and G. Schmidt},
  year=          1982,
  pages =        {329--350},
  publisher =    {D. Reidel Publishing}
}

@Article{BGS92,
  author = 	 {J. L. Balcazar and J. Gabarro and M. Santha},
  title = 	 {Deciding Bisimilarity is {\sf{}{P}}-complete},
  journal = 	 {Formal Aspects of Computing},
  year = 	 1992,
  volume =	 4,
  number =	 {6A},
  pages =	 {638--648}
}

@book{BHK89,
  editor =       {J. A. Bergstra and J. Heering and P. Klint},
  title	=        {Algebraic Specification},
  series =       {Frontier Series},
  year =         1989,
  publisher =    {ACM Press}
}

@Article{BHR84,
  author = 	 {S. D. Brookes and C. A. R. Hoare and A. W. Roscoe},
  title = 	 {A Theory of Communicating Sequential Processes},
  journal = 	 jacm,
  year = 	 1984,
  volume =	 31,
  number =	 3,
  pages =	 {560--599}
}

@Article{BK84,
  author = 	 {J. A. Bergstra and J. W. Klop},
  title = 	 {Process Algebra for Synchronous Communication},
  journal = 	 {Information and Control},
  year = 	 1984,
  volume =	 60,
  pages =	 {109--137}
}

@Article{BK85,
  author = 	 {J. A. Bergstra and J. W. Klop},
  title = 	 {Algebra of Communicating Processes with Abstraction},
  journal = 	 tcs,
  year = 	 1985,
  volume =	 33,
  pages =	 {77--121}
}

@InCollection{BK95,
  author = 	 {M. M. Bonsangue and M. Z. Kwiatkowska},
  title = 	 {Re-Interpreting the Modal $\mu$-Calculus},
  booktitle = 	 {Modal Logic and Process Algebra: A Bisimulation Perspective},
  publisher =	 {CSLI Publications},
  year =	 1995,
  editor =	 {A. Ponse and M. de Rijke and Y. Venema},
  number =	 53,
  series =	 {CSLI Lecture Series},
  pages =	 {65--83}
}

@Book{BLV95,
  title = 	 {LOTOSphere: Software Development with LOTOS},
  publisher = 	 {Kluwer Academic Publishers},
  year = 	 1995,
  editor =	 {T. Bolognesi and J. van de Lagemaat and C. Vissers}
}

@Article{BS92,
  author = 	 {J. C. Bradfield and C. P. Stirling},
  title = 	 {Local Model Checking for Infinite State Spaces},
  journal = 	 tcs,
  year = 	 1992,
  volume =	 96,
  pages =	 {157--174}
}

@InProceedings{BT94,
  author = 	 {R. Backofen},
  title = 	 {How to Win a Game with Features},
  booktitle = 	 {Proceedings of the 1st Conference on Constraints in
		  Computational Logics},
  number =	 845,
  series =	 LNCS,
  year =	 1994,
  publisher =	 sv,
  month =	 Sep,
  pages =	 {320--335}
}

@Unpublished{BT96,
  author = 	 {M. Boreale and L. Trevisan},
  title = 	 {A Complexity Results of Bisimilarity for
		  Value-Passing Processes},
  note = 	 {to appear},
  year =	 1996,
  month =	 Feb
}

@Book{BW90,
  author = 	 {J. C. M. Baeten and W. P. Weijland},
  title = 	 {Process Algebra},
  publisher = 	 cup,
  year = 	 1990,
  number =	 18,
  series =	 {Cambridge Tracts in Theoretical Computer Science}
}

@Book{Bowman06,
  author =    {H. Bowman and R. Gomez},
  title =        {Concurrenty Theory: Calculi and Automata for Modelling
                  Untimed and Timed Concurrent Systems},
  publisher =    sv,
  year =         2006}

@TechReport{Bradfield92,
  author = 	 {J. C. Bradfield},
  title = 	 {A Proof Assistant for Symbolic Model-Checking},
  institution =  {Laboratory for Foundations of Computer Science,
		  University of Edinburgh},
  year = 	 1992,
  type =	 {LFCS Report},
  number =	 {ECS-LFCS-92-199},
  note =	 {appeared in CAV'92}
}

@Article{CES86,
  author = 	 {E. M. Clarke, Jr. and E. A. Emerson and A. P. Sistla},
  title = 	 {Automatic Verification of Finite State Concurrent
		  Systems using Temporal Logic Specifications},
  journal = 	 toplas,
  year = 	 1986,
  volume =	 8,
  number =	 2,
  pages =	 {244--263}
}

@Book{CGP99,
  author =	 {E. M. Clarke and O. Grumberg and D. A. Peled},
  title = 	 {Model Checking},
  publisher = 	 mitp,
  year = 	 1999
}

@Unpublished{CMS95,
  author =       {R. Cleaveland and E. Madelaine and S. Sims},
  title = 	 {A Front-End Generator for Verification Tools},
  note = 	 {Manuscript},
  year =	 1995,
  month =	 Apr
}

@InProceedings{CPS89,
  author = 	 {R. Cleaveland and J. Parrow and B. Steffen},
  title = 	 {The Concurrency Workbench},
  booktitle = 	 {Proceedings of the International Workshop on
		  Automatic Verficiation Methods for 
		  Finite State Systems},
  editor =	 {J. Sifakis},
  number =	 407,
  series =	 LNCS,
  year =	 1989,
  publisher =	 sv,
  pages =	 {24--37}
}

@Article{CS93,
  author = 	 {R. Cleaveland and B. Steffan},
  title = 	 {A Linear-Time Model Checking Algorithm for the
		  Alternation-Free Modal Mu-Calculus},
  journal = 	 {Formal Methods in System Design},
  year =	 1993,
  volume =	 2,
  pages =	 {121--147}
}

@Manual{CWB96,
  title = 	 {The Edinburgh Concurrency Workbench User's 
		  Manual(Version 7)},
  author =	 {F. Moller and P. Stevens},
  organization = {Laboratory for Foundations of Computer Science,
		  University of Edinburgh},
  year =	 1996,
  month =	 Sep
}

@Book{Cassandras93,
  author = 	 {C. G. Cassandras},
  title = 	 {Discrete Event Systems: Modeling and Performance Analysis},
  publisher = 	 {Aksen Associates, Inc.},
  year = 	 1993
}

@InProceedings{Cheon97,
  author = 	 {Yoonskin Cheon and Chulhong Kim and Wonkyu Park and 
                  Kangho Kim and Yeondae Chung},
  title = 	 {An Automatic Code Generation Tool for {L}{O}{T}{O}{S}},
  booktitle = 	 {Proceedings of 24th Korea Information Science Society 
                  Fall Conference},
  year =	 1997,
  month =	 Apr,
  pages =	 {619--622}
}

@Article{Cleaveland90,
  author = 	 {R. Cleaveland},
  title = 	 {Tableau-Based Model Checking in the Propositional 
		  Mu-Calculus},
  journal = 	 {Acta Informatica},
  year = 	 1990,
  volume =	 27,
  number =	 8,
  month =	 Sep,
  pages =	 {725--747}
}


@InProceedings{Cleaveland90b,
  author = 	 {R. Cleaveland},
  title = 	 {On Automatically Distinguishing Inequivalent Processes},
  booktitle = 	 {Proceedings of 1990 Workshop on Computer-Aided Verification},
  number =	 531,
  series =	 LNCS,
  year =	 1990,
  publisher =	 sv,
  pages =	 {364--372}
}

@InProceedings{ConcFact,
  author = 	 {R. Cleaveland and J. L. Gada and P. M. Lewis and
		  S. Smolka and O. Sokolsky and S. Zhang},
  title = 	 {The Concurrency Factory -- Practical Tools for
		  Specification, Simulation, Verification, and
		  Implementation of Concurrent Systems},
  booktitle = 	 {Proceedings of DIMACS Workshop on Specification of
		  Parallel Algorithms},
  year =	 1994
}


@InProceedings{DJK91,
  author = 	 {N. Dershowitz and J-P. Jouannaud and J. W. Klop},
  title = 	 {Open Problems in Rewriting},
  booktitle = 	 {Proceedings of the 4th Internaltional Conference on
		  Rewriting Techniques and Applications},
  number =	 488,
  series =	 LNCS,
  year =	 1991,
  publisher =	 sv,
  month =	 Apr,
  pages =	 {445--456}
}

@Article{DP60,
  author = 	 {M. Davis and H. Putnam},
  title = 	 {A Computing Procedure for Quantification Theory},
  journal = 	 jacm,
  year = 	 1960,
  volume = 	 7,
  number = 	 3,
  pages = 	 {201-215}}

@Article{Dam96,
  author = 	 {M. Dam},
  title = 	 {Model Checking Mobile Processes},
  journal = 	 iandc,
  year = 	 1996,
  volume =	 129,
  pages =	 {35--51}
}

@PhdThesis{Dubuis93,
  author = 	 {E. E. Dubuis},
  title = 	 {Compiling the Behaviour Part of {L}{O}{T}{O}{S}},
  school = 	 {Swiss Federal Institute of Technology, Zurich},
  year = 	 1993
}

@TechReport{EL86,
  author = 	 {E. A. Emerson and C. Lei},
  title = 	 {Model Checking in the Propositional Mu-Calculus},
  institution =  {Department of Computer Science, University of Texas
		  at Austin},
  year = 	 1986,
  type =	 {Technical Report},
  number =	 {TR-86-06}
}

@book{EM85,
  author =       {H. Ehrig and B. Mahr},
  title =        {Fundamentals of Algebraic Specification 1: Equations
                  and Initial Semantics},
  year =         1985,
  publisher =    sv,
  series =       {EATCS Monographs on Theoretical Computer Science},
  volume =       6
}

@Unpublished{FCTOOLS,
  author = 	 {A. Ressouche and R. Simone and A. Bouali and V. Roy},
  title = 	 {The {F}{C}{T}OOLS},
  note = 	 {Manual}
}

@inproceedings{FGKMMS96,
  author =	{J. Fernandez and H. Garavel and A. Kerbrat
		and R. Mateescu and L. Mounier and M. Sighireanu},
  title =	{C{A}{D}{P} ({C}{\AE}SAR/{A}LDEBARAN {D}evelopment {P}ackage):
		A Protocol Validation and Verification Toolbox},
  booktitle =	{Proceedings of the 8th Conference on Computer-Aided 
		Verification},
  year =	1996,
  editor =	{Rajeev Alur and Thomas A. Henzinger},
  month =	Aug
}

@inproceedings{FGMRRS92,
  author =	{J. Fernandez and H. Garavel and L. Mounier
		and A. Rasse and C. Rodr\'{\i}guez and J. Sifakis},
  title =	{A Toolbox for the Verification of LOTOS Programs},
  booktitle =	{Proceedings of the 14th International Conference on
		Software Engineering},
  year =	1992,
  editor =	{Lori A. Clarke},
  pages =	{246--259}, 
  publisher =	{ACM},
  month =	May
}

@inproceedings{FKM93,
  author =	{J. Fernandez and A. Kerbrat and L. Mounier},
  title = 	{Symbolic Equivalence Checking},
  booktitle =	{Proceedings of the 5th Workshop on Computer-Aided  
		Verification},
  year =	1993,
  editor =	{C. Courcoubetis},
  publisher =	sv,
  number =	697,
  series =	LNCS,
  month = 	jun
}

@inproceedings{FM90,
  author =	{J. Fernandez and L. Mounier},
  title =	{Verifying Bisimulations ``On the Fly''},
  booktitle =	{Proceedings of the 3rd International Conference on Formal
         	Description Techniques},
  year =	1990,
  editor =	{Juan Quemada and Jos\'e Manas and Enrique V\'azquez},
  publisher =	nh,
  month =	Nov
}

@inproceedings{FM91a,
  author =	{J. Fernandez and L. Mounier},
  title =	{``{O}n the Fly'' Verification of Behavioural Equivalences and
		Preorders},
  booktitle =	{Proceedings of the 3rd Workshop on Computer-Aided
		Verification},
  year =	1991,
  editor =	{K. G. Larsen},
  month =	jul
}

@inproceedings{FM91b,
  author =	{J. Fernandez and L. Mounier},
  title =	{A Tool Set for Deciding Behavioral Equivalences},
  booktitle =	{Proceedings of CONCUR'91},
  year =	1991,
  month = 	aug
}

@techreport{FM95b,
  author =	{Jean-Claude Fernandez and Laurent Mounier},
  title =	{A Local Checking Algorithm for Boolean Equation Systems},
  institution =	{VERIMAG},
  year =	1995,
  type =	{Rapport SPECTRE},
  number =	{95-07},
  month =	mar,
  annote =	{papier sur EVALUATOR}
}

@article{Fernandez90,
  author =	{Jean-Claude Fernandez},
  title =	{An Implementation of an Efficient Algorithm 
		 for Bisimulation Equivalence},
  journal =	{Science of Computer Programming},
  year =	1990,
  volume =	13,
  number =	{2--3},
  pages =	{219--236},
  month =	May
}

@InProceedings{GGR93,
  author = 	 {J. Grabowski and P. Graubmann and E. Rudolph},
  title = 	 {Towards A {P}etri Net Based Semantics Definition for Message
                  Sequence Charts},
  booktitle = 	 {Proceedings of the 6th SDL Forum: SDL '93 Using Objects},
  year =	 1993
}

@InProceedings{GLO92,
  author = 	 {S. Gallouzi and L. Logrippo and A. Obaid},
  title = 	 {A {H}oare-style Proof System for {L}{O}{T}{O}{S}},
  booktitle = 	 {Formal Description Techniques},
  editor =	 {J. Quemada and J. Man\~{a}s and and E. V\'{a}zquez},
  volume =	 {III},
  year =	 1992,
  publisher =	 nh,
  pages =	 {49--62}
}

@InCollection{GMR95,
  author = 	 {S. Gnesi and E. Madelaine and G. Ristori},
  title = 	 {An Exercise in Protocol Verification},
  booktitle = 	 {LOTOSphere: Software Development with LOTOS},
  publisher =	 {Kluwer Academic Publishers},
  year =	 1995,
  editor =	 {T. Bolognesi et al.},
  chapter =	 13,
  pages =	 {255--279}
}

@InCollection{GN89,
  author = 	 {H. Garavel and E. Najm},
  title = 	 {T{I}{L}{T}: From {L}{O}{T}{O}{S} to Labelled
		  Transition Systems},
  booktitle = 	 {The Formal Description Technique LOTOS: Results of
		  ESPRIT/SEDOS Project},
  publisher =	 nh,
  year =	 1989,
  editor =	 {P. H. J. van Eijk and C. A. Vissers and M. Diaz},
  pages =	 {327--336}
}

@InProceedings{Glabbeek90,
  author = 	 {R. J. van Glabbeek},
  title = 	 {The Linear Time -- Branching Time Spectrum},
  booktitle = 	 {Proceedings of CONCUR '90},
  number =	 458,
  series =	 LNCS,
  year =	 1990,
  publisher =	 sv,
  pages =	 {278--297}
}

@Article{Goguen84,
  author=        {J. A. Goguen},
  title =        {Parameterized Programming},
  journal =      ieeetse,
  year =         1984,
  month =        Sep,
  volume =       10,
  number =       5,
  pages	=        {528--543}
}

@Book{Gries81,
  author =        {D. Gries},
  title	=         {The Science of Programming},
  year	=         1981,
  publisher =     sv
}

@Unpublished{HDDY,
  author = 	 {A. J. Hu and D. L. Dill and A. J. Drexler and C. H. Yang},
  title = 	 {Higher-Level Specification and Verification with {B}{D}{D}s},
  note = 	 {Manuscript}
}

@TechReport{HJM94,
  author = 	 {Y. Hirshfeld and M. Jerrum and F. Moller},
  title = 	 {A Polynomial-time Algorithm for Deciding
		  Bisimulation Equivalence of normed {B}asic
		  {P}arallel {P}rocesses},
  institution =  {Department of Computer Science, University of Edinburgh},
  year = 	 1994,
  type =	 {LFCS Report},
  number =	 {ECS-LFCS-94-288},
  month =	 Apr,
  note =         {presented at FOCS'94}		  
}

@Article{HM85,
  author = 	 {M. Hennessy and R. Milner},
  title = 	 {Algebraic Laws for Nondeterminism and Concurrency},
  journal = 	 jacm,
  year = 	 1985,
  volume =	 32,
  pages =	 {137--161}
}

@TechReport{HS96,
  author = 	 {H. H\"{u}ttel and S. Shukla},
  title = 	 {On the Complexity of Deciding Behavioural
		  Equivalences and Preorders: A Survey},
  institution =  {Department of Computer Science, University of Aarhus},
  year = 	 1996,
  type =	 {BRICS Report Series},
  number =	 {RS-96-39},
  month =	 Oct
}

@Article{Harel87,
  author =       {D. Harel},
  title =        {Statecharts: A Visual Formalism for Complex Systems},
  journal =      scp,
  year =         1987,
  volume =    8,
  pages =     {231--274}}

@Book{Hoare85,
  author =	 {C. A. R. Hoare},
  title = 	 {Communicating Sequential Processes},
  publisher = 	 {Prentice-Hall International},
  year = 	 1985
}

@Book{Holzmann90,
  author =    {G. J. Holzmann},
  title =        {Design and Validation of Computer Protocols},
  publisher =    ph,
  year =         1990
}

@InBook{Holzmann90ps,
  author =    {G. J. Holzmann},
  title =        {Design and Validation of Computer Protocols},
  chapter =      {10. Protocol Synthesis},
  publisher =    ph,
  year =         1990}
		  
@Misc{ITUZ120,
  author =       {ITU},
  howpublished = {ITU-T Recommendation Z.120},
  title =	 {Message Sequence Chart ({M}{S}{C})},
  year =	 1993,
  month =	 Mar
}

@InProceedings{Jeong97ADCOMP,
  author = 	 {C. Jeong and Y. Kim and Y. Chung},
  title = 	 {{T}{I}{V}: A Toolset for Interactive Verification of 
                  {B}asic {L}{O}{T}{O}{S} Specifications},
  booktitle = 	 {Proceedings of the 4th International Conference on 
                  Advanced Computing},
  year =	 1997,
  pages =	 {97-102}
}

@InProceedings{KS83,
  author = 	 {P. C. Kanellakis and S. A. Smolka},
  title = 	 {{C}{C}{S} Expressions, finite state processes, and
		  three problems of equivalence},
  booktitle = 	 {Proceedings of the 2nd ACM Symposium on Principles of
		  Distributed Computing},
  year =	 1983,
  pages =	 {228-240}
}

@Article{KS90,
  author = 	 {P. C. Kanellakis and S. A. Smolka},
  title = 	 {{C}{C}{S} Expressions, Finite State Processes, and
		  Three Problems of Equivalence},
  journal = 	 iandc,
  year = 	 1990,
  volume =	 86,
  number =	 1,
  month =	 May,
  pages =	 {43--68}
}

@InProceedings{Kahn74,
  author = 	 {G. Kahn},
  title = 	 {The Semantics of A Simple Langauge for Parallel Programming},
  booktitle =	 {Proceedings of the IFIP Congress 74},
  year =	 1974
}

@PhdThesis{Kirkwood94,
  author=        {C. E. Kirkwood},
  title =        {Verification of LOTOS Specifications using Term Rewriting
                  Techniques}, 
  school =       {Department of Computing Science, University of Glasgow},
  month =        Jun,
  year =         1994
}

@InProceedings{Kirkwood95,
  author = 	 {C. Kirkwood},
  title = 	 {Specifying Properties of Basic {L}{O}{T}{O}{S}
		  Processes using Temporal Logic},
  booktitle = 	 {Proceedings of the 8th International Conference on
		  Formal Description Techniques for Distributed
		  Systems and Communications Protocols},
  year =	 1995
}

@Unpublished{Kirkwood95b,
  author = 	 {C. Kirkwood},
  title = 	 {Specifying Properties of Basic {L}{O}{T}{O}{S}
		  Processes using Temporal Logic: A Tutorial},
  note = 	 {Manuscript},
  year =	 1995,
  month =	 Oct
}

@InProceedings{Korver91,
  author = 	 {H. Korver},
  title = 	 {Computing Distinguishing Formulas for Branching
                  Bisimulation},
  booktitle = 	 {Proceedings of the 1991 Workshop on Computer Aided
                  Verification},
  number =	 575,
  series =	 lncs,
  year =	 1991
}

@Article{Kozen83,
  author = 	 {D. Kozen},
  title = 	 {Results on the Propositional mu-Calculus},
  journal = 	 tcs,
  year = 	 1983,
  volume =	 27,
  pages =	 {333-354}
}

@InProceedings{LL93,
  author = 	 {P. B. Ladkin and S. Leue},
  title = 	 {What Do Message Sequence Charts Mean?},
  booktitle = 	 {Proceedings of the 6th International Conference on Formal 
                  Description Techniques},
  year =	 1993
}



@Misc{LOTOS,
  author =	 {ISO8807},
  title =	 {Information Processing Systems -- Open Systems
		  Interconnection -- {L}{O}{T}{O}{S} -- A Formal Description
		  Technique based on the Temporal Ordering of
		  Observational Behavior},
  howpublished = {ISO 8807: 1989 (E)},
  year =	 1989,
  month =	 Feb
}


@TechReport{Carbone06,
  author = {Marco Carbone and Kohei Honda and Nobuko Yoshida and Robin
            Milner and Gary Brown and Steve Ross-Talbot}, 
  title = {A Theoretical Basis of Communication-Centered Concurrent
                  Programming}, 
  institution = {Unpublished},
  year = {2006}
}

@TechReport{Carbone06,
  author =       {},
  title =        {},
  institution =  {},
  year =         {},
  OPTkey =       {},
  OPTtype =      {},
  OPTnumber =    {},
  OPTaddress =   {},
  OPTmonth =     {},
  OPTnote =      {},
  OPTannote =    {}
}

@Article{LVBAB93,
  author = 	 {D. C. Luckham and J. Vera and D. Bryan and 
                  L. Augustin and F. Belz},
  title = 	 {Partial Orderings of Event Sets and Their Application 
                  to Prototyping Concurrent Timed Systems},
  journal = 	 {Journal of Systems and Software},
  year = 	 1993,
  volume =	 21,
  number =	 3,
  pages =	 {253--265}
}

@InProceedings{MM88,
  author = 	 {J. A. Manas and T. de Miguel},
  title = 	 {From {L}{O}{T}{O}{S} to {C}},
  booktitle = 	 {Proceedings of the 1st International Conference on 
                  Formal Description Technique (FORTE'88)},
  editor =	 {K. Turner},
  year =	 1988,
  publisher =	 {North-Holland}
}

@Book{MP91,
  author =       {Z. Manna and A. Pnueli},
  title =        {The Temporal Logic of Reactive and Concurrent Systems: 
                  Specification},
  publisher =    sv,
  year =         1991
}

@Book{MP95,
  author =       {Z. Manna and A. Pnueli},
  title =        {Temporal Verification of Reactive Systems: Safety},
  publisher =    sv,
  year =         1995
}

@Article{MPW92a,
  author = 	 {R. Milner and J. Parrow and D. Walker},
  title = 	 {A Calculus of Mobile Processes, Part {I}},
  journal = 	 iandc,
  year = 	 1992,
  volume =	 100,
  number =	 1,
  month =	 Sep,
  pages =	 {1--40},
  annote =	 {also available as LFCS Report ECS-LFCS-89-85}
}

@Article{MPW92b,
  author = 	 {R. Milner and J. Parrow and D. Walker},
  title = 	 {A Calculus of Mobile Processes, Part {I}{I}},
  journal = 	 iandc,
  year = 	 1992,
  volume =	 100,
  number =	 1,
  month =	 Sep,
  pages =	 {41--77},
  annote =	 {also available as LFCS Report ECS-LFCS-89-86}
}

@Article{MR94,
  author = 	 {S. Mauw and M. A. Reniers},
  title = 	 {An Algebraic Semantics of Basic Message Sequence Charts},
  journal = 	 {The Computer Journal},
  year = 	 1994,
  volume =	 37,
  number =	 4
}

@Article{MS95,
  author = 	 {F. Moller and S. A. Smolka},
  title = 	 {On the Complexity of Bisimulation},
  journal = 	 acmcs,
  year = 	 1995,
  volume =	 25,
  number =	 2,
  month =	 Jun,
  pages =	 {287--289}
}


@TechReport{MST91,
  author = 	 {J. Manas and J. Salvachua and T. de Miguel},
  title = 	 {The {T}{O}{P}{O} Implementation of the {L}{O}{T}{O}{S} 
                  Multiway Rendezvous},
  institution =  {Technical University of Madrid},
  year = 	 1991,
  type =	 {Technical Report},
  month =	 Jan
}

@InCollection{MV89,
  author = 	 {E. Madeliaine and D. Vergamini},
  title = 	 {A{U}{T}{O}: A Verification Tool for Distributed
		  Systems Using Reduction of Finite Automata Networks},
  booktitle = 	 {Formal Description Techniques II},
  publisher =	 {Elsevier Science},
  year =	 1989,
  editor =	 {S. Vuong},
  pages =	 {61--66}
}

@Article{Madelaine92,
  author = 	 {E. Madelaine},
  title = 	 {Verification Tools from the {C}{O}{N}{C}{U}{R} Project},
  journal = 	 {EATCS Bulletin},
  year = 	 1992,
  volume =	 47
}
		  
@InProceedings{Man93,
  author = 	 {J. de Man},
  title = 	 {Towards A Formal Semantics of Message Sequence Charts},
  booktitle = 	 {Proceedings of the 6th SDL Forum: SDL'93 Using Objects},
  year =	 1993
}

@Book{Milner09,
  author =    {R. Milner},
  title =        {The Space and Motion of Communicating Agents},
  publisher =    cup,
  year =         2009
}

@Book{Milner80,
  author = 	 {R. Milner},
  title = 	 {A Calculus of Communicating Systems},
  publisher = 	 sv,
  year = 	 1980,
  number =	 92,
  series =	 LNCS
}

@InCollection{Milner85,
  author = 	 {R. Milner},
  title = 	 {Lectures on a Calculus for Communicating Systems},
  booktitle = 	 {Control Flow and Data Flow: 
		  Concepts of Distributed Programming},
  publisher =	 sv,
  year =	 1985,
  editor =	 {M. Broy},
  pages =	 {205--228}
}

@Book{Milner89,
  author = 	 {R. Milner},
  title = 	 {Communication and Concurrency},
  publisher = 	 ph,
  year = 	 1989
}

@InCollection{Milner90,
  author = 	 {R. Milner},
  title = 	 {Semantics of Concurrent Processes},
  booktitle = 	 {Formal Models and Semantics},
  publisher =	 {MIT Press},
  year =	 1990,
  editor =	 {J. van Leeuwen},
  volume =	 {B},
  series =	 {Handbook of Theoretical Computer Science},
  pages =	 {1201--1242}
}

@Unpublished{Milner91,
  author = 	 {R. Milner},
  title = 	 {The Polyadic $\pi$-Calculus: a Tutorial},
  note = 	 {Manuscript},
  year =	 1991,
  month =	 Oct
}

@Article{Milner92,
  author =       {R. Milner},
  title =        {Functions as Processes},
  journal =      {Mathematical Structures in Computer Science},
  year =         1992,
  volume =    2,
  pages =     {119--141}
}

@Book{Milner99,
  author =    {R. Milner},
  title =        {Communicating and Mobile Systems: The $\pi$-calculus},
  publisher =    cup,
  year =         1999,
  address =   cupa
}


@Article{Murata89,
  author = 	 {T. Murata},
  title = 	 {Petri Nets: Properties, Analysis and Applications},
  journal = 	 {Proceedings of The IEEE},
  year = 	 1989,
  volume =	 77,
  number =	 4,
  pages =	 {541--580},
  month =	 Apr
}

@Book{Odonnell85,
 author =        {M. J. O'Donnell},
 title =         {Equational Logic as a Programming Language},
 year =          1985,
 publisher =     mitp
}

@Proceedings{PRV95,
  title = 	 {Modal Logic and Process Algebra: A Bisimulation Perspective},
  year = 	 1995,
  editor =	 {A. Ponse and M. de Rijke and Y. Venema},
  number =	 53,
  series =	 {CSLI Lecture Notes},
  publisher =	 {CSLI Publications}
}

@Book{Park80,
  author = 	 {D. M. R. Park},
  title = 	 {Concurrency and Automata on Infinite Sequences},
  publisher = 	 sv,
  year = 	 1980,
  number =	 104,
  series =	 LNCS
}

@MastersThesis{Park93,
  author = 	 {S. Park},
  title = 	 {DEVSIM++, A Semantics Based Tool for Object-Oriented
                  Modeling of Discrete Event Systems},
  school = 	 {Korea Advanced Institute of Science and Technology},
  year = 	 1993,
  type =	 {Master's Thesis}
}


@Article{Paulson93,
  author = 	 {L. C. Paulson},
  title = 	 {Set Theory for Verification: I. {F}rom Foundations to
		  Functions},
  journal =      {Journal of Automated Reasoning},		  
  year = 	 1993,
  volume =       11,		  
  pages =	 {353--389}
}

@Article{Paulson95b,
  author = 	 {L. C. Paulson},
  title = 	 {Set Theory for Verification: I{I}. 
		  {I}nduction and Recursion},
  journal =      {Journal of Automated Reasoning},		  
  year = 	 1995,
  volume =       15,		  
  pages =	 {167--215}
}

@InProceedings{RGG96,
  author = 	 {E. Rudolph and J. Grabowski and P. Graubmann},
  title = 	 {Tutorial on Message Sequence Charts ({M}{S}{C}'96)},
  booktitle = 	 {Tutorials of the FORTE/PSTV'96},
  year =	 1996,
  month =	 Oct
}

@TechReport{RL93,
  author = 	 {S. Rajasekaran and I. Lee},
  title = 	 {Parallel Algorithms for Relational Coarsest
		  Partition Problem},
  institution =  {Computer and Information Science Department,
		  Univeristy of Pennsylvania},
  year = 	 1993,
  number =	 {MS-CIS-93-71},
  month =	 Jul,
  note =         {appeared in CAV'94}		  
}

@Book{Roscoe98,
  author =	 {A. W. Roscoe},
  title = 	 {The Theory and Practice of Concurrency},
  publisher = 	 ph,
  year = 	 1998
}

@InProceedings{SS94,
  author = 	 {O. V. Sokolsky and S. A Smolka},
  title = 	 {Incremental Model Checking in the Modal Mu-Calculus},
  booktitle = 	 {Proceedings of CAV '94},
  series =       LNCS,
  number =       818,		   
  year =	 1994
}

@InCollection{SSZ95,
  author = 	 {S. A. Smolka and O. Sokolsky and S. Zhang},
  title = 	 {On the Parallel Complexity of Bisimulation and Model
		  Checking},
  booktitle = 	 {Modal Logic and Process Algebra: A Bisimulation Perspective},
  publisher =	 {CSLI Publications},
  year =	 1995,
  editor =	 {A. Ponse and M. de Rijke and Y. Venema},
  number =	 53,
  series =	 {CSLI Lecture Notes},
  chapter =	 13,
  pages =	 {257--287}
}

@InProceedings{SW89,
  author = 	 {C. Stirling and D. Walker},
  title = 	 {CCS, Liveness, and Local Model Checking in the
		  Linear Time mu-Calculus},
  booktitle = 	 {Proceedings of the International Workshop on
		  Automatic Verfication Methods for 
		  Finite State Systems},
  editor =	 {J. Sifakis},
  number =	 407,
  series =	 LNCS,
  year =	 1989,
  publisher =	 sv,
  pages =	 {166--178}
}


@TechReport{Sangiorgi94,
  author = 	 {D. Sangiorgi},
  title = 	 {On the Bisimulation Proof Method},
  institution =  {Laboratory for Foundations of Computer Science,
		  Department of Computer Science, University of Edinburgh},
  year = 	 1994,
  type =	 {LFCS Report},
  number =	 {ECS-LFCS-94-229},
  month =	 Nov
}

@TechReport{Sannella88,
  author = 	 {D. Sannella},
  title = 	 {A Survey of Formal Software Development Methods},
  institution =  {Department of Computer Science, University of Edinburgh},
  year = 	 1988,
  type =	 {LFCS Report},
  number =	 {ECS-LFCS-88-56},
  month =	 Jul
}

@article{Spivey89,
  author =       {J. M. Spivey},
  title =        {An introduction to {Z} and formal specifications},
  journal =      sej,
  year =         1989,
  month =        Jan,
  volume =       4,
  number =       1,
  pages	=        {40--50}
}

@InProceedings{Stirling91,
  author = 	 {C. Stirling},
  title = 	 {An Introduction to Modal and Temporal Logics for {C}{C}{S}},
  booktitle = 	 {Proceedings of 1989 UK/Japan Workshop on Concurrency},
  number =	 491,
  series =	 LNCS,
  year =	 1991,
  publisher =	 sv,
  pages =	 {2-20}
}

@TechReport{Stirling92,
  author = 	 {C. Stirling},
  title = 	 {Modal and Temporal Logics for Processes},
  institution =  {Department of Computer Science, Edinburgh University},
  year = 	 1991,
  type =	 {LFCS Report},
  number = 	 {ECS-LFCS-91-157}
}

@InCollection{Stirling95,
  author = 	 {C. Stirling},
  title = 	 {Local Model Checking Games},
  booktitle = 	 {Proceedings of CONCUR'95},
  publisher =	 sv,
  year =	 1995,
  number =	 962,
  series =	 LNCS,
  pages =	 {1--11}
}

@Unpublished{Stirling96,
  author = 	 {C. Stirling},
  title = 	 {Model Checking and Other Games},
  note = 	 {Notes for Mathfit Workshop on Finite Model Theory},
  year =	 1996
}

@Book{Turner93,
  title = 	 {Using Formal Description Techniques: An Introduction
		  to Estelle, LOTOS, and SDL},
  publisher = 	 wiley,
  year = 	 1993,
  editor =	 {K. J. Turner}
}

@InProceedings{WL89,
  author = 	 {P. Wolper and V. Lovinfosse},
  title = 	 {Verifying Properties of Large Sets of Processes with
		  Network Invariants},
  booktitle = 	 {Proceedings of the International Workshop on 
		  Automatic Verficiation Methods for 
		  Finite State Systems},
  editor =	 {J. Sifakis},
  number =	 407,
  series =	 LNCS,
  year =	 1989,
  publisher =	 sv,
  pages =	 {68--80}
}

@InCollection{WN93,
  author = 	 {G. Winskel and M. Nielsen},
  title = 	 {Models for Concurrency},
  booktitle = 	 {Handbook of Logic in Computer Science},
  publisher =	 {Oxford University Press},
  year =	 1993,
  editor =	 {S. Abramskey and D. M. Gabby and T. S. E. Maibaum},
  volume =	 {4: Semantic Modelling} ,
  chapter =	 1
}

@TechReport{Walukiewicz95,
  author = 	 {I. Walukiewicz},
  title = 	 {Notes on the Propositional $\mu$-calculus:
		  Completeness and Related Results}, 
  institution =  {Department of Computer Science, University of Aarhus},
  year = 	 1995,
  type =	 {BRICS Note Series},
  number =	 {BRICS-NS-95-1}
}

@article{Wing90,
  author =       {J. M. Wing},
  title =        {A Specifier's Introduction to Formal Methods},
  journal =      {IEEE Computer},
  year	=        1990,
  month	=        Sep,
  pages	=        {8--24}
}

@InProceedings{ZS92,
  author = 	 {S. Zhang and S. A. Smolka},
  title = 	 {Towards Efficient Parallelization of Equivalence
		  Checking Algorithms},
  booktitle = 	 {Proceedings of {F}{O}{R}{T}{E} '92},
  year =	 1992,
  month =	 Oct,
  pages =	 {133--146}
}

@InProceedings{ZSS94,
  author = 	 {S. Zhang and O. Sokolsky and S. A. Smolka},
  title = 	 {On the Parallel Complexity of Model Checking in the
		  Modal Mu-Calculus},
  booktitle = 	 lics94,
  year =	 1994,
  month =	 Jul,
  pages =	 {154--163}
}

@Book{Zeigler76,
  author = 	 {B. P. Zeigler},
  title = 	 {Theory of Modelling and Simulation},
  publisher = 	 wiley,
  year = 	 1976
}

@Book{Zeigler84,
  author = 	 {B. P. Zeigler},
  title = 	 {Multifacetted Modelling and Discrete Event Simulation},
  publisher = 	 {Academic Press},
  year = 	 1984
}

@Manual{fc2refman,
  title = 	 {FC2: Reference Manual},
  author =	 {E. Madelaine and R. de Simone},
  organization = {INRIA Sophia-Antipolis},
  year =	 1993,
  note =         {version 1.1},		  
  month =	 Jul
}
