@string{acmcs = "ACM Computing Surveys"}
@string{csur = "ACM Computing Surveys"}
@string{sigact = "ACM SIGACT News"}		  
@string{acm = "ACM"}
@string{siam = "SIAM"}
@string{siamjcomp = "SIAM Journal on Computing"}
@string{sicomp = "SIAM Journal on Computing"}
@string{tosem = "ACM Transactions on Software Engineering and Methodology"}
@string{ieee = "IEEE"}
@string{lncs = "Lecture Notes in Computer Science"}
@string{scp = "Science of Computer Programming"}
@string{dam = "Discrete Appl. Math."}
@string{jlms = "Journal of the London Mathematical Society"}
@string{jnt = "Journal of Number Theory"}
@string{ic = "Information and Control"}
@string{iandc= "Information and Computation"}
@string{bams = "Bulletin of the American Mathematical Society"}
@string{jc = "Journal of Complexity"}
@string{dc = "Distributed Computing"}
@string{acr5 = "Advances in Computing Research 5: Randomness and Computation"}
@string{lncs = "Lecture Notes in Computer Science"}
@string{combinatorica = "Combinatorica"}
@string{amm = "American Mathematical Monthly"}
@string{mc = "Math. Comput."}
@string{joc = "Journal of Cryptology"}
@string{jalgo = "Journal of Algorithms"}
@string{fmsd = "Formal Methods in System Design"},
@string{ieeedt = "IEEE Design \& Test of Computers"},
@string{procieee = "Proceedings of the IEEE"},
@string{ieeeproc = "Proceedings of the IEEE"},
@string{ieeeservice = "IEEE Transactions on Services Computing"},
@string{ieeetcad = "IEEE Transactions on Computer-Aided Design of 
                    Integrated Circuits and Systems"},
@string{tcad = "IEEE Transactions on Computer-Aided Design of 
                Integrated Circuits and Systems"},
@string{ieeevlsi = "IEEE Transactions on VLSI Systems"}, 
@string{ieeetse = "IEEE Transactions on Software Engineering"}
@string{ieeetc = "IEEE Transactions on Computers"}
@string{tods = "ACM Transactions on Database Systems"}
@string{tois = "ACM Transactions on Information Systems"}
@string{toplas = "ACM Transactions on Programming Languages and Systems"}
@string{tocs = "ACM Transactions on Computer Systems"}
@string{ipl = "Information Processing Letters"}
@string{ibm = "IBM Journal of Research and Development"}
@string{ibmjrd = "IBM Journal of Research and Development"}
@string{jacm = "Journal of the ACM"}
@string{cacm = "Communications of the ACM"}
@string{jcss = "Journal of Computer and System Sciences"}
@string{cgta = "Computational Geometry:  Theory and Applications"}
@string{ijcga = "International Journal of Computational Geometry and
                  Applications "}
@string{dcg = "Discrete Computational Geometry"}
@string{tcs = "Theoretical Computer Science"}
@string{sej = "Software Engineering Journal"}

@string{cpm93 = "Proceedings of the 4th International 
                 Conference on Combinatorial Pattern Matching, 
                 {\rm Lecture Notes in Computer Science, Vol.~684}"}

@string{crypto86="Advances in Cryptology--CRYPTO'~86, 
                  {\rm Lecture Notes in Computer Science, Vol.~263}"}
@string{crypto87="Advances in Cryptology--CRYPTO'~87, 
                  {\rm Lecture Notes in Computer Science, Vol.~293}"}
@string{crypto88="Advances in Cryptology--CRYPTO'~88, 
                  {\rm Lecture Notes in Computer Science, Vol.~403}"}
@string{crypto89="Advances in Cryptology--CRYPTO'~89, 
                  {\rm Lecture Notes in Computer Science, Vol.~435}"}
@string{crypto90="Advances in Cryptology--CRYPTO'~90, 
                  {\rm Lecture Notes in Computer Science, Vol.~537}"}

@string{focs73 = "Proceedings of 13th Annual IEEE Symposium on
                  Swithing and Automata Theory"}
@string{focs79 = "Proceedings of FOCS'79, 20th Annual IEEE Symposium
                  on Foundations of Computer Science"}
@string{focs80 = "Proceedings of FOCS'80, 21st Annual IEEE Symposium 
                  on Foundations of Computer Science"}
@string{focs81 = "Proceedings of FOCS'81, 22nd Annual IEEE Symposium 
                  on Foundations of Computer Science"}
@string{focs82 = "Proceedings of FOCS'82, 23rd Annual IEEE Symposium 
                  on Foundations of Computer Science"}
@string{focs83 = "Proceedings of FOCS'83, 24th Annual IEEE Symposium 
                  on Foundations of Computer Science"}
@string{focs84 = "Proceedings of FOCS'84, 25th Annual IEEE Symposium 
                  on Foundations of Computer Science"}
@string{focs85 = "Proceedings of FOCS'85, 26th Annual IEEE Symposium 
                  on Foundations of Computer Science"}
@string{focs86 = "Proceedings of FOCS'86, 27th Annual IEEE Symposium 
                  on Foundations of Computer Science"}
@string{focs87 = "Proceedings of FOCS'87, 28th Annual IEEE Symposium 
                  on Foundations of Computer Science"}
@string{focs88 = "Proceedings of FOCS'88, 29th Annual IEEE Symposium 
                  on Foundations of Computer Science"}
@string{focs89 = "Proceedings of FOCS'89, 30th Annual IEEE Symposium 
                  on Foundations of Computer Science"}
@string{focs90 = "Proceedings of FOCS'90, 31st Annual IEEE Symposium 
                  on Foundations of Computer Science"}
@string{focs91 = "Proceedings of FOCS'91, 32nd Annual IEEE Symposium 
                  on Foundations of Computer Science"}
@string{focs92 = "Proceedings of FOCS'92, 33rd Annual IEEE Symposium 
                  on Foundations of Computer Science"}
@string{focs93 = "Proceedings of FOCS'93, 34th Annual IEEE Symposium 
                  on Foundations of Computer Science"}
@string{focs94 = "Proceedings of FOCS'94, 35th Annual IEEE Symposium 
                  on Foundations of Computer Science"}
@string{focs95 = "Proceedings of FOCS'95, 36th Annual IEEE Symposium 
                  on Foundations of Computer Science"}
@string{focs96 = "Proceedings of FOCS'96, 37th Annual IEEE Symposium 
                  on Foundations of Computer Science"}

@string{geom90 = "Proceedings of the 6th Annual ACM Symposium 
                  on Computational Geometry"}
@string{geom91 = "Proceedings of the 7th Annual ACM Symposium 
                  on Computational Geometry"}
@string{geom92 = "Proceedings of the 8th Annual ACM Symposium 
                  on Computational Geometry"}
@string{geom93 = "Proceedings of the 9th Annual ACM Symposium 
                  on Computational Geometry"}

@string{icalp90 = "Proceedings of ICALP'90, 17th International 
                   Colloq. on Automata, Languages and Programming, 
                   {\rm Lecture Notes in Computer Science, Vol.~443}"}
@string{icalp92 = "Proceedings of ICALP'92, 19th International 
                   Colloq. on Automata, Languages and Programming, 
                   {\rm Lecture Notes in Computer Science, Vol.~623}"}

@string{iccad91 = "Proceedings of the 1991
                  IEEE International Conference on Computer-Aided Design"}
@string{iccad92 = "Proceedings of the 1992
                  IEEE/ACM International Conference on Computer-Aided Design"}
@string{iccad93 = "Proceedings of the 1993
                  IEEE/ACM International Conference on Computer-Aided Design"}
@string{iccad94 = "Proceedings of the 1994
                  IEEE/ACM International Conference on Computer-Aided Design"}
@string{iccad96 = "Proceedings of the 1996
                  IEEE/ACM International Conference on Computer-Aided Design"}
@string{iccad98 = "Proceedings of the 1998
                  IEEE/ACM International Conference on Computer-Aided Design"}
@string{iccad99 = "Proceedings of the 1999
                  IEEE/ACM International Conference on Computer-Aided Design"}
@string{iccad06 = "Proceedings of the 2006
                  IEEE/ACM International Conference on Computer-Aided Design"}

@string{iccd90 = "Proceedings of the 1990
                  IEEE International Conference on Computer Design"}
@string{iccd93 = "Proceedings of the 1990
                  IEEE International Conference on Computer Design"}

@string{iscas98 = "Proceedings of the 1998
                   IEEE International Symposium on Circuits and Systems"}

@string{mfcs90 = "Proceedings of MFCS'~90, 15th Symposium on 
                  Mathematical Foundations of Computer Science, 
                  {\rm Lecture Notes in Computer Science, Vol.~452}"}

@string{podc82 = "Proceedings of PODC'~82, 1st Annual ACM 
                  Symposium on Principles of Distributed Computing"}
@string{podc83 = "Proceedings of PODC'~83, 2nd Annual ACM 
                  Symposium on Principles of Distributed Computing"}
@string{podc85 = "Proceedings of PODC'~85, 4th Annual ACM 
                  Symposium on Principles of Distributed Computing"}

@string{popl79 = "Proceedings of POPL'~79, 6th Annual ACM Symposium 
                  on Principles of Programming Languages"}
@string{popl80 = "Proceedings of POPL'~80, 7th Annual ACM Symposium 
                  on Principles of Programming Languages"}
@string{popl81 = "Proceedings of POPL'~81, 8th Annual ACM Symposium 
                  on Principles of Programming Languages"}
@string{popl82 = "Proceedings of POPL'~82, 9th Annual ACM Symposium 
                  on Principles of Programming Languages"}
@string{popl83 = "Proceedings of POPL'~83, 10th Annual ACM Symposium
                   on Principles of Programming Languages"}
@string{popl84 = "Proceedings of POPL'~84, 11st Annual ACM Symposium
                   on Principles of Programming Languages"}
@string{popl85 = "Proceedings of POPL'~85, 12nd Annual ACM Symposium
                   on Principles of Programming Languages"}
@string{popl86 = "Proceedings of POPL'~86, 13rd Annual ACM Symposium
                   on Principles of Programming Languages"}
@string{popl87 = "Proceedings of POPL'~87, 14th Annual ACM Symposium
                   on Principles of Programming Languages"}
@string{popl88 = "Proceedings of POPL'~88, 15th Annual ACM Symposium
                   on Principles of Programming Languages"}
@string{popl89 = "Proceedings of POPL'~89, 16th Annual ACM Symposium
                   on Principles of Programming Languages"}
@string{popl90 = "Proceedings of POPL'~90, 17th Annual ACM Symposium
                   on Principles of Programming Languages"}
@string{popl91 = "Proceedings of POPL'~91, 18th Annual ACM Symposium
                   on Principles of Programming Languages"}
@string{popl92 = "Proceedings of POPL'~92, 19th Annual ACM Symposium
                   on Principles of Programming Languages"}
@string{popl93 = "Proceedings of POPL'~93, 20th Annual ACM Symposium
                   on Principles of Programming Languages"}
@string{popl94 = "Proceedings of POPL'~94, 21st Annual ACM Symposium
                   on Principles of Programming Languages"}
@string{popl95 = "Proceedings of POPL'~95, 22nd Annual ACM Symposium
                   on Principles of Programming Languages"}
@string{popl96 = "Proceedings of POPL'~96, 23rd Annual ACM Symposium
                   on Principles of Programming Languages"}
@string{popl97 = "Proceedings of POPL'~97, 24th Annual ACM Symposium
                   on Principles of Programming Languages"}
@string{popl98 = "Proceedings of POPL'~98, 25th Annual ACM Symposium
                   on Principles of Programming Languages"}
@string{popl99 = "Proceedings of POPL'~99, 26th Annual ACM Symposium
                   on Principles of Programming Languages"}

@string{issac79 = "Proceedings of ISSAC~'79, International Symposium 
                   on Symbolic and Algebraic Computation, 
                   {\rm Lecture Notes in Computer Science, Vol.~72}"}
@string{issac86 = "Proceedings of ISSAC~'86, International Symposium 
                   on Symbolic and Algebraic Computation"}

@string{stoc71 = "Proceedings of the 3rd Annual ACM Symposium 
                  on Theory of Computing"}
@string{stoc80 = "Proceedings of the 12th Annual ACM Symposium
                   on Theory of Computing"}
@string{stoc81 = "Proceedings of the 13th Annual ACM Symposium
                  on Theory of Computing"}
@string{stoc82 = "Proceedings of the 14th Annual ACM Symposium
                  on Theory of Computing"}
@string{stoc83 = "Proceedings of the 15th Annual ACM Symposium
                  on Theory of Computing"}
@string{stoc84 = "Proceedings of the 16th Annual ACM Symposium
                  on Theory of Computing"}
@string{stoc85 = "Proceedings of the 17th Annual ACM Symposium
                  on Theory of Computing"}
@string{stoc86 = "Proceedings of the 18th Annual ACM Symposium
                  on Theory of Computing"}
@string{stoc87 = "Proceedings of the 19th Annual ACM Symposium
                  on Theory of Computing"}
@string{stoc88 = "Proceedings of the 20th Annual ACM Symposium
                  on Theory of Computing"}
@string{stoc89 = "Proceedings of the 21st Annual ACM Symposium
                  on Theory of Computing"}
@string{stoc90 = "Proceedings of the 22nd Annual ACM Symposium
                  on Theory of Computing"}
@string{stoc91 = "Proceedings of the 23rd Annual ACM Symposium
                  on Theory of Computing"}
@string{stoc92 = "Proceedings of the 24th Annual ACM Symposium
                  on Theory of Computing"}
@string{stoc93 = "Proceedings of the 25th Annual ACM Symposium
                  on Theory of Computing"}
@string{stoc94 = "Proceedings of the 26th Annual ACM Symposium
                  on Theory of Computing"}
@string{stoc95 = "Proceedings of the 27th Annual ACM Symposium
                  on Theory of Computing"}
@string{stoc96 = "Proceedings of the 28th Annual ACM Symposium
                  on Theory of Computing"}
@string{stoc97 = "Proceedings of the 29th Annual ACM Symposium
                  on Theory of Computing"}
@string{stoc98 = "Proceedings of the 30th Annual ACM Symposium
                  on Theory of Computing"}
@string{stoc99 = "Proceedings of the 31st Annual ACM Symposium
                  on Theory of Computing"}

@string{wopa93 = "Proceedings of the Third ACM Workshop on Parallel Algorithms"}

@string{soda89 = "Proceedings of the 1st Annual ACM-SIAM
                  Symposium on Discrete Algorithms"}
@string{soda91 = "Proceedings of the 2rd Annual ACM-SIAM 
                  Symposium on Discrete Algorithms"}
@string{soda92 = "Proceedings of the 3nd Annual ACM-SIAM 
                  Symposium on Discrete Algorithms"}
@string{soda93 = "Proceedings of the 4th Annual ACM-SIAM 
                  Symposium on Discrete Algorithms"}
@string{soda94 = "Proceedings of the 5th Annual ACM-SIAM 
                  Symposium on Discrete Algorithms"}
@string{soda95 = "Proceedings of the 6th Annual ACM-SIAM 
                  Symposium on Discrete Algorithms"}
@string{soda96 = "Proceedings of the 7th Annual ACM-SIAM 
                  Symposium on Discrete Algorithms"}


@string{spaa89 = "Proceedings of the 1st Annual ACM Symposium on Parallel Algorithms and Architectures"}
@string{spaa90 = "Proceedings of the 2nd Annual ACM Symposium on Parallel Algorithms and Architectures"}
@string{spaa91 = "Proceedings of the 3rd Annual ACM Symposium on Parallel Algorithms and Architectures"}
@string{spaa92 = "Proceedings of the 4th Annual ACM Symposium on Parallel Algorithms and Architectures"}
@string{spaa93 = "Proceedings of the 5th Annual ACM Symposium on Parallel Algorithms and Architectures"}
@string{spaa94 = "Proceedings of the 6th Annual ACM Symposium on Parallel Algorithms and Architectures"}
@string{spaa95 = "Proceedings of the 7th Annual ACM Symposium on Parallel Algorithms and Architectures"}
@string{spaa96 = "Proceedings of the 8th Annual ACM Symposium on Parallel Algorithms and Architectures"}

@string{icpp85 = "Proceedings of the 1985 International Conference on Parallel Processing"}
@string{icpp86 = "Proceedings of the 1986 International Conference on Parallel Processing"}
@string{icpp93 = "Proceedings of the 1993 International Conference on Parallel Processing"}


@string{lisp84 = "Proceedings of LFP'~84, ACM SIGPLAN Conference on
                  LISP and Functional Programming"}		  
@string{lisp94 = "Proceedings of LFP'~94, ACM SIGPLAN Conference on
                  LISP and Functional Programming"}		  
@string{icfp98 = "Proceedings of ICFP'~98, 3rd ACM SIGPLAN International
                  Conference on Functional Programming"}

@string{lics94 = "Proceedings of LICS'~94, 9th Annual Symposium on 
                  Logic in Computer Science"}
@string{lics95 = "Proceedings of LICS'~95, 10th Annual Symposium on 
                  Logic in Computer Science"}


@string{struct92 = "Proceedings of STRUCTURE'~92, 7th Annual 
                    Conference on Structure in Complexity Theory"}

@string{icse98 = "Proceedings of ICSE'~98, 20th 
                  International Conference on Software Engineering"}
@string{icse99 = "Proceedings of ICSE'~99, 21st 
                  International Conference on Software Engineering"}
@string{icse00 = "Proceedings of ICSE'~2000, 22nd 
                  International Conference on Software Engineering"}

@string{fse98 = "Proceedings of FSE'~98, 6th ACM Symposium 
                 on Foundations of Software Engineering"}


@string{ecoop91 = "Proceedings of ECOOP'~91, European Conference 
                   on Object-Oriented Programming"}
@string{ecoop97 = "Proceedings of ECOOP'~97, European Conference 
                   on Object-Oriented Programming"}
@string{ecoop98 = "Proceedings of ECOOP'~98, European Conference 
                   on Object-Oriented Programming"}
@string{oopsla86 = "Proceedings of OOSPLA'~86, 1st ACM Conference 
                    on Object-Oriented Programming: Systems,
                    Languages, and Applications"}
@string{oopsla87 = "Proceedings of OOSPLA'~87, 2nd ACM Conference 
                    on Object-Oriented Programming: Systems, 
                    Languages, and Applications"}
@string{oopsla88 = "Proceedings of OOSPLA'~88, 3rd ACM Conference 
                    on Object-Oriented Programming: Systems, 
                    Languages, and Applications"}
@string{oopsla89 = "Proceedings of OOSPLA'~89, 4th ACM Conference 
                    on Object-Oriented Programming: Systems, 
                    Languages, and Applications"}
@string{oopsla90 = "Proceedings of OOSPLA'~90, 5th ACM Conference 
                    on Object-Oriented Programming: Systems, 
                    Languages, and Applications"}
@string{oopsla91 = "Proceedings of OOSPLA'~91, 6th ACM Conference 
                    on Object-Oriented Programming: Systems, 
                    Languages, and Applications"}
@string{oopsla92 = "Proceedings of the  7th ACM Conference 
                    on Object-Oriented Programming: Systems, 
                    Languages, and Applications"}
@string{oopsla93 = "Proceedings of the 8th ACM Conference 
                    on Object-Oriented Programming: Systems, 
                    Languages, and Applications"}
@string{oopsla94 = "Proceedings of the 9th ACM Conference 
                    on Object-Oriented Programming: Systems, 
                    Languages, and Applications"}
@string{oopsla95 = "Proceedings of the 10th ACM Conference 
                    on Object-Oriented Programming: Systems, 
                    Languages, and Applications"}
@string{oopsla96 = "Proceedings of the 11th ACM Conference 
                    on Object-Oriented Programming: Systems, 
                    Languages, and Applications"}
@string{oopsla97 = "Proceedings of the 12th ACM Conference 
                    on Object-Oriented Programming: Systems, 
                    Languages, and Applications"}
@string{oopsla98 = "Proceedings of the 13th ACM Conference 
                    on Object-Oriented Programming: Systems, 
                    Languages, and Applications"}
@string{oopsla99 = "Proceedings of the 14th ACM Conference 
                    on Object-Oriented Programming: Systems, 
                    Languages, and Applications"}

@string{sosp87 = "Proceedings of the 11th Symposium on Operating 
                  System Principles (SOSP'87)"}
@string{sosp89 = "Proceedings of the 12th Symposium on Operating 
                  System Principles (SOSP'89)"}
@string{sosp95 = "Proceedings of the 15th Symposium on Operating 
                  System Principles (SOSP'95)"}
@string{sosp97 = "Proceedings of the 16th Symposium on Operating 
                  System Principles (SOSP'97)"}
@string{sosp01 = "Proceedings of the 18th Symposium on Operating 
                  System Principles (SOSP'01)"}
@string{sosp09 = "Proceedings of the 22nd Symposium on Operating 
                  System Principles (SOSP'09)"}
@string{sosp11 = "Proceedings of the 23rd Symposium on Operating 
                  System Principles (SOSP'11)"}
@string{sosp13 = "Proceedings of the 24th Symposium on Operating 
                  System Principles (SOSP'13)"}

@string{asplos92 = "Proceedings of the 5th International Conference on 
                    Architectural Support for Programming Languages and
                    Operating Systems"}

@string{osdi94 = "Proceedings of the 1st Symposium on Operating System
                  Design and Implementation (OSDI'94)"}
@string{osdi96 = "Proceedings of the 2nd Symposium on Operating System
                  Design and Implementation (OSDI'96)"}
@string{osdi99 = "Proceedings of the 3rd Symposium on Operating System
                  Design and Implementation (OSDI'99)"}
@string{osdi00 = "Proceedings of the 4th Symposium on Operating System
                  Design and Implementation (OSDI'00)"}
@string{osdi04 = "Proceedings of the 6th Symposium on Operating System
                  Design and Implementation (OSDI'04)"}

@string{sigcomm01 = "Proceedings of the 2001 Conference on Applications, 
                     Technologies, Architectures, And Protocols for Computer
                     Commuincations (SIGCOMM '01)"}

@string{dac72 = "Proceedings of the 9th Design Automation 
                 Conference"}
@string{dac81 = "Proceedings of the 18th Design Automation 
                 Conference"}
@string{dac85 = "Proceedings of the 22nd Design Automation 
                 Conference"}
@string{dac87 = "Proceedings of the 24th Design Automation 
                 Conference"}
@string{dac93 = "Proceedings of the 30th Annual ACM/IEEE Design Automation 
                 Conference"}
@string{dac94 = "Proceedings of the 31st Annual ACM/IEEE Design Automation 
                 Conference"}
@string{dac95 = "Proceedings of the 32nd Annual ACM/IEEE Design Automation 
                 Conference"}
@string{dac96 = "Proceedings of the 33rd Annual ACM/IEEE Design Automation 
                 Conference"}
@string{dac97 = "Proceedings of the 34th Annual ACM/IEEE Design Automation 
                 Conference"}
@string{dac98 = "Proceedings of the 35th Annual ACM/IEEE Design Automation 
                 Conference"}
@string{dac99 = "Proceedings of the 36th Annual ACM/IEEE Design Automation 
                 Conference"}
@string{dac00 = "Proceedings of the 37th Annual ACM/IEEE Design Automation 
                 Conference"}
@string{dac01 = "Proceedings of the 38th Annual ACM/IEEE Design Automation 
                 Conference"}
@string{dac02 = "Proceedings of the 39th Annual ACM/IEEE Design Automation 
                 Conference"}
@string{dac03 = "Proceedings of the 40th Annual ACM/IEEE Design Automation 
                 Conference"}
@string{dac04 = "Proceedings of the 41th Annual ACM/IEEE Design Automation 
                 Conference"}
@string{dac05 = "Proceedings of the 42nd Annual ACM/IEEE Design Automation 
                 Conference"}
@string{dac06 = "Proceedings of the 43rd Annual ACM/IEEE Design Automation 
                 Conference"}

@string{date99 = "Proceedings of Design, Automation and
                  Test in Europe (DATE'99)"}

@string{async95 = "Proceedings of the 1st International Symposium on Advanced
                   Research in Asynchronous Circuits and Systems"}
@string{async96 = "Proceedings of the 2nd International Symposium on Advanced
                   Research in Asynchronous Circuits and Systems"}
@string{async97 = "Proceedings of the 3rd International Symposium on Advanced
                   Research in Asynchronous Circuits and Systems"}
@string{async98 = "Proceedings of the 4th International Symposium on Advanced
                   Research in Asynchronous Circuits and Systems"}
@string{async99 = "Proceedings of the 5th International Symposium on Advanced
                   Research in Asynchronous Circuits and Systems"}
@string{async00 = "Proceedings of the 6th International Symposium on Advanced
                   Research in Asynchronous Circuits and Systems"}
@string{async01 = "Proceedings of the 7th International Symposium on
                   Asynchronous Circuits and Systems"}
@string{async02 = "Proceedings of the 8th International Symposium on
                   Asynchronous Circuits and Systems"}
@string{async03 = "Proceedings of the 9th International Symposium on
                   Asynchronous Circuits and Systems"}
@string{async04 = "Proceedings of the 10th International Symposium on
                   Asynchronous Circuits and Systems"}
@string{async05 = "Proceedings of the 11th International Symposium on
                   Asynchronous Circuits and Systems"}
@string{async06 = "Proceedings of the 12th International Symposium on
                   Asynchronous Circuits and Systems"}

@string{acmp = "ACM Press"}
@string{acmpa = "New York, NY"}
@string{ieeep = "IEEE Press"}
@string{wiley = "John Wiley \& Sons"}
@string{wileya = "New York, NY"}
@string{ph = "Prentice Hall"}
@string{pha = "Englewood Cliffs, NJ"}
@string{mkp = "Morgan Kaufmann Publishers"}
@string{mkpa = "San Francisco, CA"}
@string{aw = "Addison-Wesley"}
@string{awa = "Reading, MA"}
@string{manning = "Manning Publications Co."}
@string{ora = "O'Reilly \& Associates"}
@string{oraa = "Sebastopol, CA"}
@string{nh = "North Holland"}
@string{nha = "Amsterdam, Netherlands"}
@string{sv = "Springer Verlag"}
@string{sva = "New York, NY"}
@string{pup = "Princeton University Press"}
@string{oup = "Oxford University Press"}
@string{oupa = "Oxford, UK"}
@string{cup = "Cambridge University Press"}
@string{cupa = "Cambridge, UK"}
@string{mitp = "MIT Press"}
@string{mitpa = "Cambridge, MA"}
@string{mk = "Morgan Kaufmann"}
@string{mka = "San Francisco, CA"}
@string{ny = "New York, NY"}
@string{kap = "Kluwer Academic Publishers"}

@string{mitlcs = "Laboratory for Computer Science, 
                  Massachusetts Institute of Technology"}
@string{mitailab = "Artificial Intelligence Laboratory, 
                    Massachusetts Institute of Technology"}
@string{mita = "Cambridge, MA"}
@string{yalecsd = "Computer Science Department, Yale University"}
@string{yalea = "New Haven, CT"}
@string{lfcs = "Laboratory for Computer Science, Department of
                Computer Science, University of Edinburgh"}
@string{stanfordcsd = "Computer Science Department, Stanford University"}
@string{stanforda = "Stanford, CA"}
@string{ucbcsd = "Computer Science Department, Univ. California at Berkeley"}
@string{ucba = "Berkeley, CA"}
@string{cmucsd = "Computer Science Department, Carnegie Mellon University"}
@string{cmua = "Pittsburg, PA"}
@string{princetoncsd = "Computer Science Department, Princeton University"}
@string{princetona = "Princeton, NJ"}
@string{pupa = "Princeton, NJ"}
@string{cornellcsd = "Computer Science Department, Cornell University"}
@string{cornella = "Ithaca, NY"}
@string{utexascsd = "Computer Science Department, 
                     University of Texas at Austin"}
@string{utexasa = "Austin, TX"}
@Comment  LocalWords:  acmcs ACM csur sigact SIGACT acm siam sicomp
                  @Comment  LocalWords:  siamjcomp tosem ieee IEEE ic
                  @Comment  LocalWords:  lncs scp Appl jlms jnt iandc
                  @Comment  LocalWords:  bams jc acr combinatorica mc
                  @Comment  LocalWords:  Combinatorica amm Comput joc
                  @Comment  LocalWords:  jalgo fmsd ieeedt procieee
                  @Comment  LocalWords:  ieeeproc
