@Book{AS92,
  author =	 {N. Alon and J. Spencer},
  title =	 {The Probabilistic Method},
  year =	 1992,
  publisher =	 wiley
}

@Book{Aczel88,
  author =	 {P. Aczel},
  title =	 {Non-Well-Founded Sets},
  publisher =	 {Stanford: Center for the Study of Languages and
                  Information},
  year =	 1988,
  number =	 14,
  series =	 {CSLI Lecture Notes}
}

@Book{BH90,
  author =	 {F. Buckley and F. Harary},
  title =	 {Distance in Graphs},
  year =	 1990,
  publisher =	 aw
}

@Unpublished{BH96,
  author =	 {A. Boneh and M. Hofri},
  title =	 {The Coupon-Collector Problem Revisited -- {A} Survey
                  of Engineering Problems and Computational Methods},
  note =	 {Manuscript},
  year =	 1996
}

@Book{BM77,
  author =	 {J. A. Bondy and U. S. R. Murty},
  title =	 {Graph Theory with Applications},
  year =	 1977,
  publisher =	 {American Elsevier}
}

@Book{BM96,
  author = 	 {J. Barwise and L. Moss},
  title = 	 {Vicious Circles},
  publisher = 	 {CSLI Publications},
  year = 	 1996
}

@Book{Balakrishnan95,
  author = 	 {V. Balakrishnan},
  title = 	 {Theory and Problems of Combinatorics},
  publisher = 	 {McGraw-Hill},
  year = 	 1995,
  series =	 {Schaum's Outline Series}
}

@Book{Barwise77,
  title =	 {Handbook of Mathematical Logic},
  publisher =	 nh,
  year =	 1977,
  editor =	 {J. Barwise}
}

@Book{Berge73,
  author =	 {C. Berge},
  title =	 {Graphs and Hypergraphs},
  year =	 1973,
  publisher =	 nh
}

@Book{Birkhoff67,
  author =	 {G. Birkhoff},
  title = 	 {Lattice Theory},
  publisher = 	 {American Mathematical Society},
  year = 	 1948,
  edition =	 {third}
}

@Book{Bollobas98,
  author = 	 {B. Bollob\'{a}s},
  title = 	 {Modern Graph Theory},
  publisher = 	 sv,
  year = 	 1998
}

@InCollection{Bondy95,
  author =	 {J. A. Bondy},
  title =	 {Basic Graph Theory: Paths and Circuits},
  booktitle =	 {Handbook of Combinatorics},
  publisher =	 nh,
  year =	 1995,
  editor =	 {R. L. Graham and M. Gr\"{o}tschel and L. Lov\'{a}sz},
  volume =	 {I},
  chapter =	 1,
  pages =	 {3--110}
}

@Book{Brown03,
  author = 	 {F. M. Brown},
  title = 	 {Boolean Reasoning: The Logic of Boolean Equations},
  publisher = 	 {Dover Publications, Inc.},
  year = 	 2003,
  edition = 	 {second}
}

@InProceedings{CH68,
  author =	 {G. Chartrand and F. Harary},
  title =	 {Graphs with Prescribed Connectivities},
  booktitle =	 {Theory of Graphs},
  year =	 1968,
  pages =	 {61--63}
}

@Book{CK90,
  author = 	 {C. C. Chang and H. J. Keisler},
  title = 	 {Model Theory},
  publisher = 	 nh,
  year = 	 1990,
  number =	 73,
  series =	 {Studies in Logic and The Foundations of Mathematics},
  edition =	 {third}
}

@Book{CT91,
  author =	 {T. M. Cover and J. A. Thomas},
  title =	 {Elements of Information Theory},
  year =	 1991,
  publisher =	 wiley
}

@Book{Cantor55,
  author = 	 {Georg Cantor},
  title = 	 {Contributions to the Founding of the Theory of
                  Transfinite Numbers},
  publisher = 	 {Dover Books},
  year = 	 1955
}

@Article{Cayley89,
  author =	 {A. Cayley},
  title =	 {A Theorem on Trees},
  journal =	 {Quarterly Journal of Pure and Applied Mathematics},
  year =	 1889,
  volume =	 23,
  pages =	 {376--378}
}

@Article{Chartrand66,
  author =	 {G. Chartrand},
  title =	 {A Graph-Theoretic Approach to a Communications
                  Problem},
  journal =	 {SIAM Journal on Applied Mathematics},
  year =	 1966,
  volume =	 14,
  pages =	 {778--781}
}

@Book{DP02,
  author =	 {B. A. Davey and H. A. Priestley},
  title = 	 {Introduction to Lattices and Order},
  publisher = 	 cup,
  year = 	 2002
}

@Book{DS84,
  author = 	 {P. G. Doyle and J. L. Snell},
  title = 	 {Random Walks and Electric Networks},
  publisher = 	 {The Mathematical Association of America},
  year = 	 1984,
  number =	 22,
  series =	 {The Carus Mathematical Monographs}
}

@Book{Dean90,
  author =	 {R. A. Dean},
  title =	 {Classical Abstract Algebra},
  publisher =	 {Harper\&{}Row},
  year =	 1990
}

@Article{Edelman97,
  author =	 {A. Edelman},
  title =	 {The Mathematics of the Pentium Division Bug},
  journal =	 {SIAM Review},
  year =	 1997,
  volume =	 39,
  number =	 1,
  month =	 Mar,
  pages =	 {54--67}
}

@Article{Ehrenfeucht61,
  author =	 {A. Ehrenfeucht},
  title =	 {An Application of Games to The Completeness Theorem
                  for Formalized Theories},
  journal =	 {Fundamenta Mathematicae},
  year =	 1961,
  volume =	 49,
  pages =	 {129--141}
}

@Book{Enderton72,
  author =	 {H. B. Enderton},
  title =	 {A Mathematical Introduction to Logic},
  year =	 1972,
  publisher =	 {Academic Press}
}

@InProceedings{Fagin96,
  author =	 {R. Fagin},
  title =	 {Easier Ways to Win Logical Games},
  booktitle =	 {Proceedings of the DIMACS Workshop on Finite Models
                  and Descriptive Complexity},
  year =	 1996,
  organization = {AMS}
}

@Book{Feller68a,
  author =	 {W. Feller},
  title =	 {An Introduction to Probability Theory and Its
                  Applications},
  year =	 1968,
  publisher =	 wiley,
  volume =	 {I},
  edition =	 {second}
}

@Book{Feller68b,
  author =	 {W. Feller},
  title =	 {An Introduction to Probability Theory and Its
                  Applications},
  year =	 1968,
  publisher =	 wiley,
  volume =	 {II},
  edition =	 {second}
}

@Unpublished{Felsner96,
  author =	 {S. Felsner},
  title =	 {Graphenalgorithmen: Perfekte Graphen},
  note =	 {Manuscript},
  year =	 1996
}

@Article{Fraisse54,
  author =	 {R. Fra{\"\i}ss\'{e}},
  title =	 {Sur les Classifications des Systems de Relations},
  journal =	 {Publications Sci. de l'Universit\'{e} d'Alger},
  year =	 1954,
  volume =	 {I},
  month =	 Jun,
  pages =	 {35--182}
}

@Book{Fraleigh99,
  author = 	 {J. B. Fraleigh},
  title = 	 {A First Course in Abstract Algebra},
  publisher = 	 aw,
  year = 	 1999,
  edition =	 {sixth}
}

@Proceedings{GGL95a,
  title =	 {Handbook of Combinatorics},
  year =	 1995,
  editor =	 {R. L. Graham and M. Gr\"{o}tschel and L. Lov\'{a}sz},
  volume =	 {I},
  publisher =	 nh
}

@Proceedings{GGL95b,
  title =	 {Handbook of Combinatorics},
  year =	 1995,
  editor =	 {R. L. Graham and M. Gr\"{o}tschel and L. Lov\'{a}sz},
  volume =	 {II},
  publisher =	 nh
}

@Book{GK90,
  author =	 {D. H. Greene and D. E. Knuth},
  title =	 {Mathematics for the Analysis of Algorithms},
  year =	 1990,
  edition =	 {third},
  publisher =	 {Birkh\"{a}user}
}

@Book{GKP92,
  author =	 {R. Graham and D. E. Knuth and O. Patashnik},
  title =	 {Concrete Mathematics: A Foundation for Computer Science},
  year =	 1994,
  edition =	 {second},
  publisher =	 aw
}

@Book{Gibbons85,
  author =	 {A. Gibbons},
  title =	 {Algorithmic Graph Theory},
  year =	 {1985},
  publisher =	 cup
}

@Book{Gould88,
  author =	 {R. Gould},
  title =	 {Graph Theory},
  publisher =	 {Benjamin/Cummings},
  year =	 1988
}

@Book{HA50,
  author =	 {D. Hilbert and W. Ackermann},
  title =	 {Principles of Mathematical Logic},
  publisher =	 {Chelsea Publishing Company},
  year =	 1950
}

@Book{HW79,
  author =	 {G. H. Hardy and E. M. Wright},
  title =	 {An Introduction to the Theory of Numbers},
  year =	 1979,
  publisher =	 {Oxford University Press},
  edition =	 {fifth}
}

@Book{Hamilton82,
  author =	 {A. G. Hamilton},
  title =	 {Numbers, Sets and Axioms: The Apparatus of
                  Mathematics},
  year =	 1982,
  publisher =	 cup
}

@Book{Harary69,
  author =	 {F. Harary},
  title = 	 {Graph Theory},
  publisher = 	 aw,
  year = 	 1969
}

@Misc{Induction93,
  author =	 {C. Cole},
  title =	 {Archive on Induction},
  howpublished = {USENET Newsgroup {\tt{}rec.puzzles}},
  month =	 Aug,
  year =	 1993
}

@Unpublished{Iovino95,
  author =	 {J. Iovino},
  title =	 {A Quick Introduction to {B}anach Space Model Theory},
  note =	 {Manuscript},
  year =	 1995,
  month =	 Jun
}

@Book{Lang87,
  author = 	 {S. Lang},
  title = 	 {Linear Algebra},
  publisher = 	 sv,
  year = 	 1987,
  edition =	 {third}
}

@Book{Liu85,
  author =	 {C. L. Liu},
  title =	 {Elements of Discrete Mathematics},
  publisher =	 {McGraw-Hill},
  year =	 1985,
  edition =	 {second}
}

@TechReport{Lovasz91,
  author =	 {L. Lov\'{a}sz},
  title =	 {Lecture Notes on Evasiveness of Graph Properties},
  institution =	 {Department of Computer Science, Princeton
                  University},
  year =	 1991,
  number =	 {TR-317-91}
}

@Article{Miller89,
  author =	 {A. W. Miller},
  title =	 {Infinite Combinatorics and Definability},
  journal =	 {Anals of Pure and Applied Mathematical Logic},
  year =	 1989,
  volume =	 41,
  pages =	 {179--203}
}

@Unpublished{Miller95,
  author = 	 {A. Miller},
  title = 	 {Introduction to Mathematical Logic: Based on Moore Method},
  note = 	 {Lecture Notes},
  year =	 1995
}

@Book{Moschovakis94,
  author =	 {Y. N. Moschovakis},
  title =	 {Notes on Set Theory},
  publisher =	 sv,
  year =	 1994
}

@Book{OR94,
  author =	 {M. J. Osbourne and A. Rubinstein},
  title = 	 {A Course in Game Theory},
  publisher = 	 mitp,
  year = 	 1994
}

@Book{PH92,
  author =	 {R. C. Penner and J. L. Harper},
  title =	 {Combinatorics of Train Tracks},
  year =	 1992,
  number =	 125,
  series =	 {Annals of Mathematics Studies},
  publisher =	 pup
}

@Book{PTW83,
  author =	 {G. P\'{o}lya and R. E. Tarjan and D. Woods},
  title =	 {Notes on Introductory Combinatorics},
  publisher =	 {Birkh\"{a}user},
  year =	 1983
}

@Book{Pinter71,
  author =	 {C. C. Pinter},
  title =	 {Set Theory},
  year =	 1971,
  publisher =	 aw
}

@Book{Polya54,
  author =	 {G. P\'{o}lya},
  title =	 {Induction and Analogy in Mathematics},
  series =	 {Mathematics and Plausible Reasoning},
  volume =	 1,
  year =	 1954,
  publisher =	 {Princeton University Press}
}

@Book{Polya54-2,
  author =	 {G. P\'{o}lya},
  title =	 {Patterns of Plausible Inference},
  series =	 {Mathematics and Plausible Reasoning},
  volume =	 2,
  year =	 1954,
  publisher =	 {Princeton University Press}
}

@Unpublished{Pratt-notes,
  author =	 {V. Pratt},
  title =	 {Math Notes},
  note =	 {Manuscript}
}

@Article{Prufer18,
  author =	 {H. Pr{\"{u}}fer},
  title =	 {Neuer Beweis eines Satzes \"{u}ber Permutationen},
  journal =	 {Archiv der Mathematik und Physik},
  year =	 1918,
  volume =	 27,
  number =	 3,
  pages =	 {142--144}
}

@InCollection{Pulleyblank95,
  author =	 {W. R. Pulleyblank},
  title =	 {Matchings and Extensions},
  booktitle =	 {Handbook of Combinatorics},
  editor =	 {R. L. Graham and M. Gr\"{o}tschel and L. Lov\'{a}sz},
  volume =	 {I},
  year =	 1995,
  publisher =	 nh,
  pages =	 {179--232}
}

@Book{Roberts,
  author =	 {F. S. Roberts},
  title =	 {Graph Theory and Its Applications to Problems of
                  Society},
  year =	 1980,
  series =	 {CBMS-NSF Regional Conference Series in Applied
                  Mathematics},
  publisher =	 {SIAM},
  number =	 29
}

@Book{Rohatgi,
  author =	 {V. Rohatgi},
  title =	 {Statistical Inference},
  publisher =	 wiley,
  year =	 1984
}

@Book{Rosen88,
  author =	 {K. Rosen},
  title =	 {Elementary Number Theory and Its Applications},
  year =	 1988,
  edition =	 {second},
  publisher =	 aw
}

@Book{Ross85,
  author =	 {S. M. Ross},
  title =	 {Introduction to Probability Models},
  edition =	 {third},
  year =	 1985,
  publisher =	 {Academic Press}
}

@Book{SW86,
  author =	 {D. Stanton and D. White},
  title =	 {Constructive Combinatorics},
  year =	 1986,
  publisher =	 {Springer-Verlag}
}

@Book{Smullyan,
  author = 	 {R. Smullyan},
  title = 	 {What Is the Name of This Book?: The Riddle of Dracula
                  and Other Logical Puzzles}
}

@Book{Spencer87,
  author =	 {J. Spencer},
  title =	 {Ten Lectures on Probabilistic Method},
  year =	 1987,
  publisher =	 {SIAM},
  series =	 {CBMS-NSF Regional Conference Series in Applied
                  Mathematics},
  volume =	 64
}

@InProceedings{Spencer92,
  author =	 {J. Spencer},
  title =	 {The Probabilistic Method},
  booktitle =	 soda92,
  year =	 1992,
  pages =	 {41--47}
}

@Unpublished{Spencer93,
  author =	 {J. Spencer},
  title =	 {Nine Lectures on Random Graphs},
  note =	 {Manuscript},
  year =	 1993,
  month =	 Aug
}

@Book{Strang88,
  author = 	 {G. Strang},
  title = 	 {Linear Algebra and Its Applications},
  publisher = 	 {Saunders College Publishing},
  year = 	 1988,
  edition =	 {third}
}

@Book{Tucker84,
  author =	 {A. Tucker},
  title =	 {Advanced Combinatorics},
  edition =	 {second},
  year =	 1984,
  publisher =	 wiley
}

@Book{Wilf90,
  author =	 {H. S. Wilf},
  title =	 {generatingfunctionology},
  year =	 1990,
  publisher =	 {Academic Press}
}

@Book{vanLint92,
  author =	 {J. H. van Lint and R. M. Wilson},
  title =	 {A Course in Combinatorics},
  year =	 1992,
  publisher =	 cup
}
