@Misc{BDK97,
  author =	 {Alden DeSoto},
  title =	 {Using the {B}eans {D}evelopment {K}it 1.0},
  howpublished = {JavaSoft},
  month =	 Sep,
  year =	 1997
}

@Book{HV99,
  author = 	 {M. Henning and S. Vinoski},
  title = 	 {Advanced CORBA Programming with C++},
  publisher = 	 aw,
  year = 	 1999,
  address =	 awa
}

@Article{Hughes97,
  author = 	 {Merlin Hughes},
  title = 	 {Java{B}eans and {A}ctive{X} go head to head},
  journal = 	 {Java World},
  year = 	 1997,
  volume =	 2,
  number =	 3,
  month =	 Mar
}

@Misc{JFC97,
  author =	 {Sun Microsystems},
  title =	 {Java$^{\mbox{\scriptsize{T}{M}}}$ {F}oundation {C}lasses:
                  Now and Future},
  month =	 Jul,
  year =	 1997
}

@Misc{JavaBeans97,
  author =	 {Sun Microsystems},
  title =	 {Java{B}eans$^{\mbox{\scriptsize{}{{T}}{{M}}}}$ 
                  Specification},
  howpublished = {version 1.01},
  month =	 Jul,
  year =	 1997
}


@book{Knuth86,
  keywords =	 {\TeX},
  Author =	 {D. E. Knuth},
  title =	 {The \TeX{book}},
  series =	 {Computers \& Typesetting},
  volume =	 {A},
  year =	 1986,
  publisher =	 {Addison-Wesley},
  address =	 {Reading, MA},
  annote =	 {;}
}

@Book{Koenig88,
  author = 	 {A. Koenig},
  title = 	 {C Traps and Pitfalls},
  publisher = 	 aw,
  year = 	 1988,
  address =	 awa
}

@book{Lamport86,
  keyword =	 {\LaTeX},
  Author =	 {L. Lamport},
  title =	 {\LaTeX \ User's Guide \& Reference Manual},
  year =	 {1986},
  publisher =	 {Addison-Wesley},
  address =	 {Reading, MA},
  annote =	 {;}
}

@Article{Morgan98,
  author = 	 {Bryan Morgan},
  title = 	 {Java 1.2 extends {J}ava's distributed object capabilities},
  journal = 	 {Java World},
  year = 	 1998,
  volume =	 3,
  number =	 4,
  month =	 Apr
}

@Book{NC00,
  author =	 {M. A. Nilesen and I. L. Chuang},
  title = 	 {Quantum Computation and Quantum Information},
  publisher = 	 cup,
  year = 	 2000
}

@Book{PWGB98,
  author = 	 {D. Pedrick and J. Weedon and J. Goldberg and E. Bleifield},
  title = 	 {Programming with VisiBroker},
  publisher = 	 wiley,
  year = 	 1998,
  address =	 wileya
}

@Unpublished{Tool91,
  Author =	 {T. Tool},
  title =	 {M{I}{T} Guide to Lock Picking},
  year =	 {1991},
  month =	 Sep,
  note =	 {Unpublished}
}

@Manual{Vbj32PG,
  title = 	 {VisiBroker for Java v3.2: Programmer's Guide},
  author =	 {{Visigenic Software, Inc.}},
  year =	 1998
}

@Manual{Vbj32RM,
  title = 	 {VisiBroker for Java v3.2: Reference Manual},
  author =	 {{Visigenic Software, Inc.}},
  year =	 1998
}

@Book{daCosta13,
  author =       {F. daCosta},
  title =        {Rethinking the Internet of Things: A Scalable Approach to
                  Connecting Everything},
  publisher =    {Apress, Inc.},
  year =         2013
}

