@Article{AB10,
  author = 	 {S. V. Adve and H-J. Boehm},
  title = 	 {Memory Models: A Case for Rethinking Parallel Languages and Hardware},
  journal = 	 cacm,
  year = 	 2010,
  volume = 	 53,
  number = 	 8,
  pages = 	 {90--101}}

@Book{AC96,
  author = 	 {M. Abadi and L. Cardelli},
  title = 	 {A Theory of Objects},
  publisher = 	 sv,
  year = 	 1996,
  address =	 sva
}


@Misc{Beazley10,
  author =    {D. Beazley},
  title =     {A Curious Course on Coroutines and Concurrency},
  howpublished = {{\texttt{}http://dabeaz.com/coroutines}},
  year =      2010}

@Article{AC96b,
  author =	 {M. Abadi and L. Cardelli},
  title =	 {A Theory of Primitive Objects: Untyped and
                  First-Order Systems},
  journal =	 iandc,
  year =	 1996,
  volume =	 125,
  pages =	 {78--102}
}

@Misc{AC97,
  author =	 {M. Abadi and L. Cardelli},
  title =	 {A Theory of Objects},
  howpublished = {ECOOP'97 Tutorial},
  year =	 1997
}

@Book{AGH06,
  author = 	 {K. Arnold and J. Gosling and D. Holmes},
  title = 	 {The Java Programming Language},
  publisher = 	 aw,
  year = 	 2006,
  edition =      {fourth}
}

@Unpublished{AGordon95,
  author =	 {A. D. Gordon},
  title =	 {Bisimilarity as a Theory of Functional Programming},
  note =	 {Notes from a mini-course given at BRICS},
  year =	 1995,
  month =	 Jul
}

@InProceedings{AHN00,
  author = 	 {K. R. Anderson and T. J. Hickey and P. Norvig},
  title = 	 {S{I}{L}{K}: A Playful Blend of {S}cheme and {J}ava},
  booktitle = 	 {Proceedings of the Workshop on Scheme and Functional
                  Programming 2000},
  year =	 2000,
  pages =	 {13--22}
}

@InProceedings{AJ89,
  keywords =	 {Continuations},
  author =	 {A. Appel and T. Jim},
  title =	 {Continuation-passing, closure-passing style},
  booktitle =	 popl89,
  year =	 1989,
  pages =	 {293--302}
}

@InCollection{AJ94,
  author =	 {S. Abramsky and A. Jung},
  title =	 {Domain Theory},
  booktitle =	 {Handbook of Logic in Computer Science},
  publisher =	 {Clarendon Press},
  year =	 1991,
  editor =	 {S. Abramsky and D. M. Gabbay and T. S. E. Maibaum},
  volume =	 {III},
  pages =	 {1--168}
}

@incollection{AM92,
  keywords =	 {Standard ML},
  author =	 {A. Appel and D. MacQueen},
  title =	 {Standard {ML} of {N}ew {J}ersey},
  booktitle =	 {3rd International Symposium on Programming Language
                  Implementation and Logic Programming},
  year =	 1991,
  publisher =	 {Springer-Verlag},
  address =	 {Berlin},
  pages =	 {1--13},
  series =	 LNCS,
  number =	 528
}

@Article{AO93,
  author =	 {S. Abramsky and L. Ong},
  title =	 {Full Abstraction in the Lazy Lambda Calculus},
  journal =	 iandc,
  year =	 1993,
  volume =	 105,
  pages =	 {159-267}
}

@InProceedings{AOP97,
  author = 	 {G. Kiczales and J. Lamping and A. Mendhekar and
                  C. Maeda and C. V. Lopes and J. Loingtier and J. Irwin},
  title = 	 {Aspect-Oriented Programming},
  booktitle = 	 ecoop97,
  number =	 1241,
  series =	 lncs,
  year =	 1997
}

@Book{ASS85,
  author =	 {H. Abelson and G. J. Sussman and J. Sussman},
  title =	 {Structure and Interpretation of Computer Programs},
  year =	 1985,
  publisher =	 mitp
}

@Book{ASS96,
  author =	 {H. Abelson and G. J. Sussman and J. Sussman},
  title =	 {Structure and Interpretation of Computer Programs},
  year =	 1996,
  publisher =	 mitp,
  edition =      {second}
}

@Book{ASU86,
  author =	 {A. V. Aho and R. Sethi and J. D. Ullman},
  title =	 {Compilers: Principles, Techniques, and Tools},
  year =	 1986,
  publisher =	 aw
}

@Book{ALSU06,
  author =	 {A. V. Aho and M. Lam and R. Sethi and J. D. Ullman},
  title =	 {Compilers: Principles, Techniques, and Tools},
  year =	 2006,
  edition =      {second},
  publisher =	 aw
}

@Book{AU72,
  author =	 {A. V. Aho and J. D. Ullman},
  title =	 {Parsing},
  series =	 {The Theory of Parsing, Translation, and Compiling},
  volume =	 {I},
  year =	 1972,
  publisher =	 ph,
  address =	 pha
}

@Book{AU73,
  author =	 {A. V. Aho and J. D. Ullman},
  title =	 {Compiling},
  series =	 {The Theory of Parsing, Translation, and Compiling},
  volume =	 {II},
  year =	 1973,
  publisher =	 ph,
  address =	 pha
}

@Book{Appel92,
  author = 	 {A. Appel},
  title = 	 {Compiling with Continuations},
  publisher = 	 cup,
  year = 	 1992}

@Article{Appel93,
  author =	 {A. Appel},
  title =	 {A Critique of {S}tandard {M}{L}},
  journal =	 {Functional Programming},
  year =	 1993,
  volume =	 3,
  pages =	 {391--430}
}

@Book{Appel97,
  author =	 {A. Appel},
  title =	 {Modern Compiler Implementation in C},
  publisher =	 cup,
  year =	 1997,
  address =	 cupa,
  edition =	 {preliminary}
}

@Book{Appel98,
  author =	 {A. Appel},
  title =	 {Modern Compiler Implementation in ML},
  publisher =	 cup,
  year =	 1998,
  address =	 cupa
}

@Article{Appel98ssa,
  author =       {A. Appel},
  title =        {{SSA} is Functional},
  journal =      {SIGPLAN Notices},
  year =         1998
}

@InProceedings{Auslander96,
  author =	 {J. Auslander and M. Philipose and C. Chambers and
		S. J. Eggers and B. N. Bershad},
  title =	 {Fast, Effective Dynamic Compilation},
  booktitle =	 {Proceedings of the ACM SIGPLAN '96
		  Conference on Programming Language
		  Design and Implementation},
  year =	 1996,
  month =	 Jun,
  pages =	 {149--159}
}

@Article{BC85,
  author =	 {J. L. Bates and R. L. Constable},
  title =	 {Proofs as Programs},
  journal =	 {ACM Transactions on Programming Languages and
                  Systems},
  year =	 1985,
  volume =	 7,
  number =	 1,
  month =	 Jan,
  pages =	 {113--136}
}

@InProceedings{BC90,
  author = 	 {G. Bracha and W. Cook},
  title = 	 {Mixin-Based Inheritance},
  booktitle = 	 oopsla90,
  year =	 1990,
  pages =	 {303--311}
}

@InProceedings{BD95,
  author =	 {S. Brookes and D. Dancanet},
  title =	 {Sequential Algorithms, Deterministic Parallelism,
                  and Intensional Expressiveness},
  booktitle =	 popl95,
  year =	 1995,
  month =	 Jan,
  pages =	 {13--24}
}

@Article{BGS94,
  author = 	 {D. F. Bacon and S. L. Graham and O. J. Sharp},
  title = 	 {Compiler Transformation for High-Performance Computing},
  journal = 	 csur,
  year = 	 1994,
  volume =	 26,
  number =	 4,
  pages =	 {345--420},
  month =	 Dec
}

@InProceedings{BKKMSZ86,
  author = 	 {D. G. Bobrow and K. Kahn and G. Kiczales and L. Masinter
                  and M. Stefik and F. Zdybel},
  title = 	 {Common{L}oops: 
                  Merging {L}isp and Object-Oriented Programming},
  booktitle = 	 oopsla86,
  year =	 1986,
  pages =	 {17--29}
}

@Article{Backus78,
  author =	 {J. Backus},
  title =	 {Can Programming be liberated from von {N}eumann
                  style?},
  journal =	 cacm,
  year =	 1978,
  volume =	 21,
  number =	 8,
  pages =	 {613--614}
}

@Book{Barendregt84,
  author =	 {H. P. Barendregt},
  title =	 {Lambda Calculus: Its Syntax and Semantics},
  year =	 1984,
  publisher =	 nh,
  address =	 nha
}

@InCollection{Barendregt90,
  author =	 {H. P. Barendregt},
  title =	 {Functional Programming and Lambda Calculus},
  booktitle =	 {Formal Models and Semantics},
  series =	 {Handbook of Theoretical Computer Science},
  editor =	 {J. van Leeuwen},
  volume =	 {B},
  year =	 1990,
  pages =	 {321--363},
  publisher =	 {MIT Press},
  address =	 {Cambridge, MA}
}

@TechReport{Bawden88,
  author = 	 {A. Bawden},
  title = 	 {Reification without Evaluation},
  institution =  {AI Laboratory, MIT},
  year = 	 1988,
  type =	 {AI Memo},
  number =	 946
}

@Book{Ben-Ari90,
  author =	 {M. Ben-Ari},
  title =	 {Principles of Concurrent and Distributed
                  Programming},
  publisher =	 ph,
  year =	 1990,
  address =	 pha
}

@InProceedings{Bloom95,
  author =	 {B. Bloom},
  title =	 {Structured Operational Semantics as a Specification
                  Language},
  booktitle =	 popl95,
  year =	 1995,
  month =	 Jan,
  pages =	 {107--115}
}

@Misc{Bothner97,
  author =	 {P. Bothner},
  title =	 {Kawa: Compiling {S}cheme to {J}ava},
  howpublished = {Manuscript},
  year =	 1997,
  month =	 Jan
}

@InProceedings{Bothner98,
  author = 	 {P. Bothner},
  title = 	 {Kawa: Compiling {S}cheme to {J}ava},
  booktitle = 	 {Proceedings of the Lisp Users Conference},
  year =	 1998,
  month =	 Nov
}

@PhdThesis{Bracha92,
  author = 	 {G. Bracha},
  title = 	 {The Programming Language Jigsaw: Mixins, Modularity
                  and Multiple Inheritance},
  school = 	 {Department of Computer Science, The University of Utah},
  year = 	 1992
}

@InProceedings{Bruce93,
  author = 	 {K. Bruce},
  title = 	 {Safe Type Checking in a Statically-Typed Object-Oriented
                  Programming Language},
  booktitle = 	 popl93,
  year =	 1993,
  pages =	 {285--298}
}

@InProceedings{CD93,
  author = 	 {C. Consel and O. Danvy},
  title = 	 {Tutorial Notes on Partial Evaluation},
  booktitle = 	 popl93,
  year =	 1993,
  pages =	 {493--501}
}

@Article{CGH83,
  author =	 {E. Clarke and S. German and J. Halperin},
  title =	 {Effective axiomatizations of {H}oare logics},
  journal =	 jacm,
  year =	 1983,
  volume =	 30,
  pages =	 {612--636}
}

@InProceedings{CGL92,
  author = 	 {G. Castagna and G. Ghelli and G. Longo},
  title = 	 {A Calculus for Overloaded Functions with Subtyping 
                  (Extended abstract)},
  booktitle = 	 {Proceedings of 1992 ACM COnference on Lisp and Functional
                  Programming},
  year =	 1992,
  pages =	 {182--192}
}

@Unpublished{CH96,
  author =	 {M. Crochemore and C. Hancart},
  title =	 {Automata for Matching Patterns},
  note =	 {Unpublished},
  year =	 1996
}

@Book{CLK98,
  author = 	 {P. Chan and R. Lee and D. Kramer},
  title = 	 {The Java$^{\mbox{\scriptsize{}TM}}$ Class Libraries},
  publisher = 	 aw,
  year = 	 1998,
  volume =	 1,
  edition =	 {second}
}

@Unpublished{CP95,
  keywords =	 {Domain Theory},
  author =	 {R. Cartwright and R. Parsons},
  title =	 {Domain Theory: An Introduction},
  organization = {Rice University},
  year =	 1995,
  note =	 {Manuscript}
}

@Article{CW85,
  author =	 {L. Cardelli and P. Wegner},
  title =	 {On Understanding Types, Data Abstraction, and
                  Polymorphism},
  journal =	 acmcs,
  year =	 1985,
  volume =	 17,
  number =	 4,
  month =	 Dec,
  pages =	 {471--522}
}

@TechReport{Cardelli89,
  author =	 {L. Cardelli},
  title =	 {Typeful Programming},
  institution =	 {Digital Equipment Corporation, Systems Research
                  Center},
  year =	 1989,
  type =	 {Research Report},
  number =	 45,
  month =	 May
}

@InCollection{Cardelli96,
  author =	 {L. Cardelli},
  title =	 {Type Systems},
  booktitle =	 {CRC Computer Science and Engineering Handbook},
  chapter =	 140,
  publisher =	 {CRC Press},
  year =	 1997,
  editor =	 {A. B. Tucker, Jr.},
  address =	 {Boca Raton, FL}
}

@article{Church36,
  keywords =	 {Lambda Calculus, Computability},
  author =	 {A. Church},
  title =	 {An Unsolvable Problem of Elementary Number Theory},
  journal =	 {American Journal of Mathematics},
  year =	 1936,
  volume =	 58,
  pages =	 {345--363}
}

@Book{Church41,
  author =	 {A. Church},
  title =	 {The Calculi of Lambda Conversion},
  year =	 1941,
  publisher =	 {Princeton University Press},
  address =	 {Princeton, NJ},
  volume =	 6,
  series =	 {Annals of Mathematical Studies}
}

@TechReport{Clinger81,
  author =       {W. Clinger},
  title =        {Foundatations of Actor Semantics},
  institution =  {AI Laboratory, MIT},
  year =         1981,
  type =         {Technical Report},
  number =       633
}

@InProceedings{Cook92,
  author = 	 {W. Cook},
  title = 	 {Interfaces and Specifications for the {S}malltalk-80 
                  Collection Classes},
  booktitle = 	 oopsla92,
  year =	 1992,
  pages =	 {1--15}
}

@Book{Cox86,
  author =	 {B. Cox},
  title =	 {Object Oriented Programming: an Evolutionary
                  Approach},
  publisher =	 aw,
  year =	 1986,
  address =	 awa
}

@InCollection{Dershowitz93,
  author =	 {N. Dershowitz},
  booktitle =	 {Functional Programming, Concurrency, Simulation, and
                  Automated Reasoning},
  title =	 {A Taste of Rewrite Systems},
  publisher =	 sv,
  year =	 1993,
  number =	 693,
  series =	 LNCS,
  pages =	 {199-228}
}

@Book{FF95a,
  author = 	 {D. P. Friedman and M. Felleisen},
  title = 	 {The Little Schemer},
  publisher = 	 mitp,
  year = 	 1995,
  edition =	 {fourth}
}

@Book{FF95b,
  author = 	 {D. P. Friedman and M. Felleisen},
  title = 	 {The Seasoned Schemer},
  publisher = 	 mitp,
  year = 	 1995
}

@Book{FF97,
  author = 	 {M. Felleisen and D. P. Friedman},
  title = 	 {A Little Java, A Few Patterns},
  publisher = 	 mitp,
  year = 	 1997
}

@Book{FF98,
  author = 	 {M. Felleisen and D. P. Friedman},
  title = 	 {The Little MLer},
  publisher = 	 mitp,
  year = 	 1997
}

@InProceedings{FF98b,
  author = 	 {R. B. Finder and M. Flatt},
  title = 	 {Modular Object-Oriented Programming with Units and Mixins},
  booktitle = 	 {Proceedings of ICFP'98, International Conference on
                  Functional Programming},
  year =	 1998,
  pages =	 {94--104}
}

@TechReport{FJMORRS96,
  author =	 {M. P. Fiore and A. Jung and E. Moggi and P. O'Hearn
                  and J. Riecke and G. Rosolini and I. Stark},
  title =	 {Domains and Denotational Semantics: History,
                  Accomplishments and Open Problems},
  institution =	 {School of Computer Science, The University of
                  Birmingham},
  year =	 1996,
  number =	 {CSR-96-2}
}

@InProceedings{FKF98,
  author = 	 {M. Flatt and S. Krishnamurthi and M. Felleisen},
  title = 	 {Classes and Mixins},
  booktitle = 	 popl98,
  year =	 1998,
  pages =	 {171--183}
}

@Unpublished{FM95,
  author =	 {K. Fisher and J. Mitchell},
  title =	 {What is an object-oriented programming language?},
  note =	 {Manuscript},
  year =	 1995
}

@InProceedings{FW84,
  author = 	 {D. P. Friedman and M. Wand},
  title = 	 {Reification: Reflection without Metaphysics},
  booktitle = 	 lisp84,
  year =	 1984,
  pages =	 {348--355}
}

@Book{FWH92,
  author =	 {D. P. Friedman and M. Wand and C. T. Haynes},
  title =	 {Essentials of Programming Languages},
  year =	 1992,
  publisher =	 {MIT Press},
  address =	 {Cambridge, Massachusetts}
}

@Unpublished{Felleisen96,
  author =	 {M. Felleisen},
  title =	 {A Lecture on the Why of {Y}},
  organization = {Computer Science Department, Rice University},
  year =	 1996
}

@Manual{Flex,
  title =	 {Flex Manual},
  author =	 {V. Paxson},
  year =	 1995,
  note =	 {version 2.5},
  month =	 Mar
}

@InProceedings{GH96,
  author =	 {R. Ghiya and L. J. Hendren},
  title =	 {Is is a Tree, a {D}{A}{G}, or a cyclic graph?: A
                  Shape Analysis for Heap Directed Pointers in {C}},
  booktitle =	 popl96,
  year =	 1996,
  pages =	 {1--15}
}

@Book{GJS96,
  author = 	 {J. Gosling and B. Joy and G. Steele, Jr.},
  title = 	 {The Java Language Specification},
  publisher = 	 aw,
  year = 	 1996
}


@Proceedings{GM94,
  title = 	 {Theoretical Aspects of Object-Oriented Programming: Types,
                  Semantics, and Language Design},
  year = 	 1994,
  editor =	 {C. Gunter and J. C. Mitchell},
  publisher =	 mitp
}

@Unpublished{Gordon96,
  author =	 {M. J. C. Gordon},
  title =	 {Introduction to Functional Programming},
  organization = {Computer Laboratory, Cambridge University},
  year =	 1996,
  note =	 {Manuscript}
}

@Book{Gunter92,
  author =	 {C. A. Gunter},
  title =	 {Semantics of Programming Languages: Structures and
                  Techniques},
  publisher =	 mitp,
  year =	 1992,
  series =	 {Foundations of Computing Series}
}

@InProceedings{HHG90,
  author = 	 {R. Helm and I. M. Holland and D. Gangopadhyay},
  title = 	 {Contracts: Specifying Behavioral Compositions in 
                  Object-Oriented Systems},
  booktitle = 	 oopsla90,
  year =	 1990,
  pages =	 {169--180}
}

@InProceedings{HM95,
  author =	 {M. Hoang and J. C. Mitchell},
  title =	 {Lower bounds on type inference with subtypes},
  booktitle =	 {Proceedings of the 22nd Annual ACM Symposium on
                  Principles of Programming Languages},
  year =	 1995,
  pages =	 {176--185}
}

@Book{HS86,
  author =	 {J. R. Hindley and J. P. Seldin},
  title =	 {Introduction to Combinators and Lambda Calculus},
  year =	 1984,
  publisher =	 {London Mathematical Society},
  address =	 {London, UK}
}

@InProceedings{HS93,
  author = 	 {W. Harrison and H. Ossher},
  title = 	 {Subject-Oriented Programming (A Critique of Pure Objects)},
  booktitle = 	 oopsla93,
  year =	 1993,
  pages =	 {411-428}
}

@Book{HS95,
  author = 	 {S. P. Harbison and G. L. Steele, Jr.},
  title = 	 {C: A Reference Manual},
  publisher = 	 ph,
  year = 	 1995,
  address =	 pha,
  edition =	 {fourth}
}

@InProceedings{Hall94,
  author =	 {C. Hall},
  title =	 {Using Hindley-Milner Type Inference to Optimise List
                  Representation},
  booktitle =	 lisp94,
  year =	 1994,
  pages =	 {162--172}
}

@TechReport{Harper86,
  author =	 {R. Harper},
  title =	 {Introduction to {S}tandard {M}{L}},
  institution =	 {Laboratory for Foundations of Computer Science,
                  Department of Computer Science, University of
                  Edinburgh},
  year =	 1986,
  month =	 Nov,
  number =	 {ECS-LFCS-86-14}
}

@Unpublished{Harper96,
  author =	 {R. Harper},
  title =	 {Type Systems for Programming Languages},
  note =	 {Manuscript},
  year =	 1996
}

@TechReport{Heintze93,
  author =	 {N. Heintze},
  title =	 {Set Based Analysis of ML Programs},
  institution =	 {School of Computer Science, Carnegie Mellon
                  University},
  year =	 1993,
  type =	 {Technical Report},
  number =	 {CMU-CS-93-193},
  address =	 {Pittsburgh, PA},
  month =	 Jul
}

@TechReport{Hewitt76,
  author =       {C. Hewitt},
  title =        {Viewing Control Structures as Patterns of Passing Messages},
  institution =  {AI Laboratory, MIT},
  year =         1976,
  type =         {AI Memo},
  number =       410
}

@Article{Hoare69,
  author =	 {C. A. R. Hoare},
  title =	 {An Axiomatic Basis for Computer Programming},
  journal =	 cacm,
  year =	 1969,
  volume =	 12,
  number =	 10,
  month =	 Oct,
  pages =	 {576--583}
}

@InCollection{Hoare89,
  author =	 {C. A. R. Hoare},
  title =	 {Notes on an Approach to Category Theory for Computer
                  Scientists},
  booktitle =	 {Constructive Methods in Computing Science},
  publisher =	 sv,
  year =	 1989,
  editor =	 {M. Broy},
  number =	 {F 55},
  series =	 {NATO ASI Series},
  address =	 {Berlin, Germany},
  pages =	 {245--305}
}

@Article{Hudak89,
  author =	 {P. Hudak},
  title =	 {Conception, Evolution, and Application of Functional
                  Programming Languages},
  journal =	 {ACM Computing Surveys},
  year =	 1989,
  volume =	 21,
  number =	 3,
  month =	 Sep,
  pages =	 {359--411}
}

@Proceedings{Huet90,
  title =	 {Logical Foundations of Functional Programming},
  year =	 1990,
  editor =	 {G. Huet},
  series =	 {Year of Programming Series},
  publisher =	 aw,
  address =	 awa
}

@InProceedings{JJD96,
  author =	 {D. Jackson and S. Jha and C. A. Damon},
  title =	 {Faster Checking of Software Specifications by
                  Eliminating Isomorphs},
  booktitle =	 popl96,
  year =	 1996,
  month =	 Jan,
  pages =	 {79--90}
}

@Article{JM96,
  author =	 {T. Jim and A. Meyer},
  title =	 {Full Abstraction and the Context Lemma},
  journal =	 sicomp,
  year =	 1996,
  volume =	 25,
  number =	 3,
  month =	 Jun,
  pages =	 {663--696}
}

@TechReport{Johnson75,
  author =	 {S. C. Johnson},
  title =	 {Yacc -- yet another compiler compiler},
  institution =	 {AT\&T Bell Laboratories},
  year =	 1975,
  type =	 {Computing Science Technical Report},
  number =	 32,
  address =	 {Murray Hill, NJ}
}

@Article{Jones96,
  author =	 {N. D. Jones},
  title =	 {An Introduction to Partial Evaluation},
  journal =	 acmcs,
  year =	 1996,
  volume =	 28,
  number =	 3,
  pages =	 {480--503}
}

@TechReport{Jung96,
  author =	 {A. Jung and M. Fiore and E. Moggi and P. O'Hearn and
                  J. Riecke and G. Rosolini and I. Stark},
  title =	 {Domains and Denotational Semantics: History,
                  Accomplishments and Open Problems},
  institution =	 {University of Birmingham},
  year =	 1996,
  type =	 {Technical Report},
  number =	 {CSR-96-2}
}

@InCollection{KARVB93,
  author = 	 {G. Kiczales and J. Ashley and L. Rodriguez and A. Vahdat
                  and D. Bobrow},
  title = 	 {Metaobject Protocols: Why we want them and what else
                  they can do},
  booktitle = 	 {Object Oriented Programming: The CLOS Perspective},
  publisher =	 {MIT Press},
  year =	 1993,
  address =	 mita
}

@Book{KR88,
  author = 	 {B. W. Kernighan and D. M. Ritchie},
  title = 	 {The C Programming Language},
  publisher = 	 ph,
  year = 	 1988,
  address =	 pha,
  edition =	 {second}
}

@Book{KRG91,
  author = 	 {G. Kiczales and J. des Rivi\'{e}res and D. G. Bobrow},
  title = 	 {The Art of the Metaobject Protocol},
  publisher = 	 mitp,
  year = 	 1991,
  address =	 mita
}

@Book{Kamin88,
  author =	 {S. N. Kamin},
  title =	 {Programming Languages: An Interpreter-Based
                  Approach},
  publisher =	 aw,
  year =	 1988,
  address =	 awa
}

@Article{Kazi00,
  author =       {I. H. Kazi and H. H. Chen and B. Sanley and D. J. Lilja},
  title =        {Techniques for Obtaining High Performance in Java Programs},
  journal =      acmcs,
  year =         2000,
  volume =       32,
  number =       3,
  pages =        {213--240}
}

@InProceedings{LHJ95,
  author = 	 {S. Liang and P. Hudak and M. Jones},
  title = 	 {Monad Transformers and Modular Interpreters},
  booktitle = 	 popl95,
  year =	 1995,
  pages =	 {333--343}
}

@Article{LSAS77,
  author =	 {B. Liskov and A. Snyder and R. Atkinson and
                  C. Schaffert},
  title =	 {Abstraction Mechanism in {C}{L}{U}},
  journal =	 cacm,
  year =	 1977,
  volume =	 20,
  number =	 8,
  month =	 Aug,
  pages =	 {564--576}
}

@Book{LY99,
  author = 	 {T. Lindholm and F. Yellin},
  title = 	 {Java Virtual Machine Specification},
  publisher = 	 aw,
  year = 	 1999,
  address =	 awa,
  edition =	 {second}
}

@Article{Landin66,
  author = 	 {P. J. Landin},
  title = 	 {The Next $700$ Programming Languages},
  journal = 	 cacm,
  year = 	 1966,
  volume =	 9,
  number =	 3,
  pages =	 {157--166},
  month =	 Mar
}

@TechReport{Lesk75,
  author =	 {M. E. Lesk},
  title =	 {Lex - a lexical analyzer generator},
  institution =	 {AT\&T Bell Laboratories},
  year =	 1975,
  type =	 {Computing Science Technical Report},
  address =	 {Murray Hill, NJ},
  number =	 39
}

@Book{Levine00,
  author =	 {J. R. Levine},
  title = 	 {Linkers \& Loaders},
  publisher = 	 mkp,
  year = 	 mkpa
}

@Book{MB90,
  title =	 {lex \& yacc},
  author =	 {T. Mason and D. Brown},
  publisher =	 {O'Reilly \& Associates, Inc.},
  year =	 1990,
  address =	 {Sebastopol, CA}
}

@InProceedings{MF96,
  author = 	 {A. Mendhekar and D. P. Friedman},
  title = 	 {An Exploration of Relationships between Reflective
                  Theories},
  booktitle = 	 {Proceedings of Reflection '96},
  year =	 1996,
  pages =	 {233-250}
}

@InProceedings{MJD96,
  author = 	 {J. Malenfant and M. Jacques and F. -N. Demers},
  title = 	 {A Tutorial on Behavioral Reflection and its Implementation},
  booktitle = 	 {Proceedings of the 1st International 
		  Conference on Computational Reflection},
  year =	 1996
}

@InProceedings{MMH96,
  author =	 {Y. Minamide and G. Morrisett and R. Harper},
  title =	 {Typed Closure Conversion},
  booktitle =	 popl96,
  year =	 1996,
  pages =	 {271--283}
}

@Book{MTH90,
  author =	 {R. Milner and M. Tofte and R. Harper},
  title =	 {The Definition of Standard ML},
  year =	 1990,
  publisher =	 mitp
}

@Book{MTH97,
  author =	 {R. Milner and M. Tofte and R. Harper and D. MacQueen},
  title =	 {The Definition of Standard ML},
  year =	 1997,
  publisher =	 mitp,
  edition =	 {revised}
}

@Book{Mason86,
  author =	 {I. A. Mason},
  title =	 {The Semantics of Destructive LISP},
  publisher =	 {CSLI},
  year =	 1986,
  series =	 {Lecture Notes}
}

@Article{McCarthy60,
  author =	 {J. McCarthy},
  title =	 {Recursive Functions of Symbolic Expressions and
                  Their Computation by Machine, {P}art~{I}},
  volume =	 3,
  number =	 4,
  journal =	 CACM,
  year =	 1960,
  month =	 Apr
}

@Unpublished{Meyer96,
  author =	 {A. Meyer},
  title =	 {A Term Rewriting Model for Scheme: I. The Functional
                  Kernel},
  note =	 {Unpublished manuscript},
  year =	 1996
}

@Book{Mitchell03,
  author =	 {J. C. Mitchell},
  title = 	 {Concepts in Programming Languages},
  publisher = 	 cup,
  year = 	 2003,
  address =	 cupa
}

@InCollection{Mitchell90,
  author =	 {J. C. Mitchell},
  title =	 {Type Systems for Programming Languages},
  booktitle =	 {Formal Models and Semantics},
  series =	 {Handbook of Theoretical Computer Science},
  editor =	 {J. van Leeuwen},
  volume =	 {B},
  year =	 1990,
  pages =	 {367--458},
  publisher =	 {MIT Press},
  address =	 {Cambridge, MA}
}

@Unpublished{Mitchell94,
  author =	 {J. C. Mitchell},
  title =	 {Overview of Untyped Lambda Calculus},
  organization = stanfordcsd,
  address =	 stanforda,
  year =	 {1994},
  note =	 {Manuscript}
}

@Book{Mitchell96,
  author =	 {J. C. Mitchell},
  title =	 {Foundations for Programming Languages},
  year =	 {1996},
  publisher =	 mitp
}

@Misc{MitchellCOOP,
  author =	 {J. C. Mitchell},
  title =	 {Lecture Notes on Concurrent Object-Oriented Programming},
  howpublished = {Stanford Univeristy CS 358},
  month =	 {Spring},
  year =	 1996
}

@TechReport{Moggi90,
  author = 	 {E. Moggi},
  title = 	 {An Abstract View of Programming Languages},
  institution =  {Laboratory for Foundations of Computer Science, University
                  of Edinburgh},
  year = 	 1990,
  type =	 {LFCS Report},
  number =	 {ECS-LFCS-90-113}
}

@PhdThesis{Morris68,
  author =	 {J. H. Morris},
  title =	 {Lambda-Calculus Models of Programming Languages},
  school =	 {MIT},
  year =	 1968,
  address =	 {Cambridge, MA},
  month =	 Dec
}

@Unpublished{Moschovakis90,
  author =	 {Y. N. Moschovakis},
  title =	 {Computable Concurrent Processes},
  note =	 {Manuscript},
  year =	 1990
}

@Book{Muchnick97,
  author =	 {S. S. Muchnick},
  title = 	 {Advanced Compiler Design \& Implementation},
  publisher = 	 mkp,
  year = 	 1997,
  address =	 mkpa
}

@TechReport{ORH92,
  author =	 {M. Odersky and D. Rabin and P. Hudak},
  title =	 {Call by Name, Assignment, and the Lambda Calculus},
  institution =	 {Yale University, Computer Science Department},
  year =	 1992,
  month =	 Oct,
  number =	 {YALEU/DCS/RR-929},
  type =	 {Research Report}
}

@TechReport{Oosten95,
  author =	 {J. van Oosten},
  title =	 {Basic Category Theory},
  institution =	 {Department of Computer Science, University of
                  Aarhus},
  year =	 1995,
  type =	 {BRICS Lecture Series},
  number =	 {LS-95-1},
  month =	 Jan
}

@Manual{PCLEX,
  title =	 "PCLEX Manual",
  organization = "Abraxas Software Inc.",
  year =	 1996,
  month =	 Nov
}

@Manual{PCYACC,
  title =	 "PCYACC Manual",
  organization = "Abraxas Software Inc.",
  year =	 1995,
  month =	 Oct
}

@Manual{PCYACCOO,
  title =	 "PCYACC Object Oriented Toolkit Manual",
  organization = "Abraxas Software Inc.",
  year =	 1996,
  month =	 Nov
}

@InProceedings{PJ98,
  author = 	 {J. Palsberg and C. B. Jay},
  title = 	 {The Essence of the Visitor Pattern},
  booktitle = 	 {Proceedings of COMPSAC'98, 22nd Annual International
                  Computer Software and Applications Conference},
  year =	 1998,
  pages =	 {9--15}
}

@Article{PS96,
  author =	 {J. Palsberg and S. Smith},
  title =	 {Constrained Types and Their Expressiveness},
  journal =	 toplas,
  year =	 1996,
  volume =	 18,
  number =	 5,
  month =	 Sep,
  pages =	 {519--527}
}

@Unpublished{PT97,
  author = 	 {B. C. Pierce and D. N. Turner},
  title = 	 {Pict Language Definition: Version 4.0},
  note = 	 {Manuscript},
  year =	 1997,
  month =	 Mar
}

@Article{PXL95,
  author = 	 {J. Palsberg and C. Xiao and K. Lieberherr},
  title = 	 {Efficient Implementation of Adaptive Programming},
  journal = 	 toplas,
  year = 	 1995,
  volume =	 17,
  number =	 2,
  pages =	 {264--292}
}

@Article{Parnas72,
  author =	 {D. Parnas},
  title =	 {On the criteria to be used in decomposing systems
                  into modules},
  journal =	 cacm,
  year =	 1972,
  volume =	 15,
  number =	 12,
  pages =	 {1053--1058}
}

@unpublished{Paulson95,
  author =	 {L. C. Paulson},
  title =	 {Foundations of Functional Programming},
  organization = {Computer Laboratory, Cambridge University},
  address =	 {Cambridge, UK},
  year =	 {1995},
  note =	 {Manuscript}
}

@Book{Paulson96,
  author =	 {L. C. Paulson},
  title =	 {ML for the Working Programmer},
  publisher =	 cup,
  year =	 1996,
  address =	 cupa,
  edition =	 {second}
}

@Book{Peyton-Jones92,
  author =	 {S. Peyton-Jones},
  title =	 {Implementing Functional Languages},
  publisher =	 {Prentice Hall International},
  year =	 1992,
  address =	 {London, UK}
}

@Book{Pierce91,
  author =	 {B. C. Pierce},
  title =	 {Basic Category Theory for Computer Scientists},
  year =	 {1991},
  publisher =	 {MIT Press},
  address =	 {Cambridge, MA}
}

@Unpublished{Pierce96,
  author =	 {B. C. Pierce},
  title =	 {Types},
  note =	 {Manuscript},
  year =	 1996
}

@Manual{Pierce97,
  title =	 "Programming in the Pi-Calculus: A Tutorial
                  Introduction to {P}ict ({P}ict version 4.0)",
  author =	 "B. C. Pierce",
  organization = "Computer Science Department, Indiana University",
  year =	 1997,
  month =	 Mar
}

@InProceedings{Pippenger96,
  author =	 {N. Pippenger},
  title =	 {Pure versus Impure LISP},
  booktitle =	 popl96,
  year =	 1996,
  month =	 Jan,
  pages =	 {104--109}
}

@unpublished{Plotkin83,
  author =	 {G. Plotkin},
  title =	 {Domains},
  organization = {Department of Computer Science, University of
                  Edinburgh},
  year =	 1993,
  note =	 {Manuscript}
}

@Misc{R4RS,
  author =	 {Various},
  title =	 {Revised$^4$ {R}eport on the {A}lgorithmic {L}anguage
                  {S}cheme},
  month =	 Nov,
  year =	 1991,
  note =	 {Manuscript}
}

@Proceedings{R5RS,
  title = 	 {Revised$^5$ {R}eport on the {A}lgorithmic {L}anguage
                  {S}cheme},
  year = 	 1998,
  editor =	 {R. Kelsey and W. Clinger and J. Rees},
  month =	 Feb
}

@TechReport{RB85,
  author =	 {D. E. Rydeheard and R. M. Burstall},
  title =	 {The Unification of Terms: A Category Theoretic
                  Algorithm},
  institution =	 {Department of Computer Science, University of
                  Manchester},
  year =	 1985,
  number =	 {UMCS-85-8-1},
  type =	 {Technical Report},
  address =	 {Manchester, UK}
}

@InProceedings{RH98,
  author = 	 {J. Riely and M. Hennessy},
  title = 	 {A Typed Language for Distributed Mobile Processes},
  booktitle =	 {Proceedings of the 25th Annual ACM Symposium on
                  Principles of Programming Languages},
  year =	 1998,
  pages =	 {378--390}
}

@InProceedings{RS84,
  author = 	 {J. des Rivi\`{e}res and B. C. Smith},
  title = 	 {The Implementation of Procedurally Reflective Languages},
  booktitle = 	 lisp84,
  year =	 1984,
  pages =	 {331--347}
}

@Book{Reade89,
  author =	 {C. Reade},
  title =	 {Elements of Functional Programming},
  year =	 1989,
  publisher =	 aw,
  address =	 awa
}

@InProceedings{Reppy91,
  author =	 {J. H. Reppy},
  title =	 {C{M}{L}: {A} higher-order concurrent language},
  booktitle =	 popl91,
  year =	 1991,
  pages =	 {293--305}
}

@Article{Reps98,
  author = 	 {T. Reps},
  title = 	 {``{M}aximal-Munch'' Tokenization in Linear Time},
  journal = 	 toplas,
  year = 	 1998,
  volume =	 20,
  number =	 2,
  month =	 mar,
  pages =	 {259--273}
}

@Book{Reynolds98,
  author = 	 {J. C. Reynolds},
  title = 	 {Theories of Programming Languages},
  publisher = 	 cup,
  year = 	 1998,
  address =	 cupa
}

@Unpublished{Ritter96,
  author =	 {E. Ritter},
  title =	 {Notes on Type Theory},
  organization = {Computing Laboratory, Oxford University},
  address =	 {Oxford, UK},
  year =	 1996,
  note =	 {Manuscript}
}

@Book{Rosenberg96,
  author = 	 {J. Rosenberg},
  title = 	 {How Debuggers Work: Algorithms, Data Structures, 
                  and Architecture},
  publisher = 	 wiley,
  year = 	 1996,
  address =	 wileya
}

@Book{SF89,
  author =	 {G. Springer and D. P. Friedman},
  title =	 {Scheme and the Art of Programming},
  publisher =	 mitp,
  year =	 1989,
  address =	 mita
}

@InProceedings{SF96b,
  author = 	 {J. M. Sobel and D. P. Friedman},
  title = 	 {An Introduction to Reflection-Oriented Programming},
  booktitle = 	 {Proceedings of the 1st International 
		  Conference on Computational Reflection},
  year =	 1996,
  month =	 Apr
}

@InProceedings{SG93,
  author = 	 {G. L. {Steele, Jr.} and R. P. Gabriel},
  title = 	 {The Evolution of {L}isp},
  booktitle = 	 {The 2nd ACM SIGPLAN History of Programming Languages 
                  Conference (HOPL-II)},
  year =	 1993,
  pages =	 {231-270}
}

@TechReport{SS75,
  author =	 {G. J. Sussman and G. L. {Steele, Jr.}},
  title =	 {An Interpreter for Extended Lambda Calculus},
  institution =	 {Artificial Intelligence Laboratory, Massachusetts
                  Institute of Technology},
  year =	 1975,
  month =	 Dec,
  address =	 {Cambridge, MA},
  type =	 {AI Memo},
  number =	 349
}

@TechReport{SS76,
  author =	 {G. L. {Steele, Jr.} and G. J. Sussman},
  title =	 {L{A}{M}{B}{D}{A}: The Ultimate Imperative},
  institution =	 {AI Laboratory, MIT},
  year =	 1976,
  type =	 {AI Memo},
  number =	 353,
  address =	 {Cambridge, MA},
  month =	 Mar
}

@TechReport{SS78,
  author =	 {G. L. {Steele, Jr.} and G. J. Sussman},
  title =	 {The Art of the Interpreter},
  institution =	 {AI Laboratory, MIT},
  year =	 1978,
  type =	 {AI Memo},
  number =	 453,
  address =	 {Cambridge, MA},
  month =	 May
}

@Book{SS86,
  author =	 {L. Sterling and E. Shapiro},
  title =	 {The Art of Prolog},
  publisher =	 mitp,
  year =	 1994,
  address =	 mita,
  edition =	 {second}
}

@Book{Schmidt86,
  author =	 {D. Schmidt},
  title =	 {Denotational Semantics: {A} Methodology for Language
                  Development},
  year =	 1986,
  publisher =	 {Allyn and Bacon},
}

@TechReport{Schooler84,
  author = 	 {R. Schooler},
  title = 	 {Partial Evaluation As a Means of Language Extensibility},
  institution =  {Laboratory for Computer Science, MIT},
  year = 	 1984,
  type =	 {Technical Report},
  number =	 {MIT/LCS/TR-324}
}

@Book{Scott00,
  author =	 {M. L. Scott},
  title = 	 {Programming Language Pragmatics},
  publisher = 	 mkp,
  year = 	 2000,
  address =	 mkpa
}

@Article{Scott76,
  author =	 {D. Scott},
  title =	 {Data Types as Lattices},
  journal =	 sicomp,
  year =	 1976,
  volume =	 5,
  month =	 Sep,
  pages =	 {522--587}
}

@InCollection{Scott82,
  author =	 {D. Scott},
  title =	 {Lectures on a mathematical theory of computation},
  booktitle =	 {Theoretical Foundations of Programming Methodology},
  publisher =	 {D. Reidel Publishing},
  year =	 1982,
  editor =	 {M. Broy and G. Schmidt},
  pages =	 {145--292}
}

@Book{Sethi89,
  author =	 {R. Sethi},
  title =	 {Programming Languages: Concepts and Constructs},
  year =	 1989,
  publisher =	 {Addison-Wesley},
  address =	 {Reading, MA}
}

@TechReport{Smith82,
  author =       {B. C. Smith},
  title =        {Reflection and Semantics in a Procedural Language},
  institution =  {Laboratory for Computer Science, MIT},
  type =         {Technical Report},
  number =       {MIT/LCS/TR-272},
  year =         1982
}

@Misc{Steele96,
  author =	 {G. L. {Steele, Jr.}},
  title =	 {Growing a Language},
  howpublished = {Talk given at OOPSLA'98},
  year =	 1998
}

@Book{Stoy77,
  author =	 {J. Stoy},
  title =	 {Denotational Semantics: The Scott-Stratchey Approach
                  to Programming Language Theory},
  year =	 1977,
  publisher =	 {MIT Press},
  address =	 {Cambridge, MA}
}

@InCollection{Stoy82,
  author =	 {J. Stoy},
  title =	 {Some Mathematical Aspects of Functional Programming},
  booktitle =	 {Functional Programming and Its Applications},
  publisher =	 cup,
  year =	 1982,
  address =	 cupa,
  pages =	 {217--252}
}

@Article{Stroustrup88,
  author =	 {B. Stroustrup},
  title =	 {What is object-oriented programming?},
  journal =	 {IEEE Software},
  year =	 1988,
  month =	 {May}
}

@Book{Stroustrup91,
  author =	 {B. Stroustrup},
  title =	 {The C++ Programming Language},
  publisher =	 aw,
  edition =	 {second},
  year =	 1991,
  address =	 awa
}

@InCollection{Sussman82,
  author =	 {G. J. Sussman},
  title =	 {L{I}{S}{P}, Programming and Implementation},
  booktitle =	 {Funtional Programming and Its Applications},
  publisher =	 cup,
  year =	 1982,
  editor =	 {J. Darlington and P. Henderson and D. A. Turner},
  address =	 cupa,
  pages =	 {20--71}
}

@Article{Thompson84,
  author = 	 {K. Thompson},
  title = 	 {Reflections on Trusting Trust},
  journal = 	 cacm,
  year = 	 1984,
  volume =	 27,
  number =	 8,
  month =	 Aug,
  pages =	 {761-763}
}

@TechReport{Tofte89,
  author =	 {M. Tofte},
  title =	 {Four Lectures on {S}tandard {M}{L}},
  institution =	 {Laboratory for Foundations of Computer Science,
                  Department of Computer Science, University of
                  Edinburgh},
  address =	 {Edinburgh, UK},
  type =	 {Techical Report},
  number =	 {ECS-LFCS-89-73},
  year =	 1989
}

@InProceedings{US87,
  author = 	 {D. Ungar and R. B. Smith},
  title = 	 {Self: The Power of Simplicity},
  booktitle = 	 oopsla87,
  year =	 1987,
  pages =	 {227--241}
}

@Book{Ullman94,
  author =	 {J. D. Ullman},
  title =	 {Elements of {M}{L} Programming},
  year =	 {1994},
  publisher =	 {Prentice-Hall},
  address =	 {Englewood Cliffs, New Jersey}
}

@Unpublished{Underwood95,
  author =	 {J. Underwood},
  title =	 {Lecture Notes on Type Theory},
  year =	 {1995},
  note =	 {Manuscript}
}

@TechReport{WF92,
  author =	 {A. Wright and M. Felleisen},
  title =	 {A Syntactic Approach to Type Soundness},
  institution =	 {Computer Science Department, Rice University},
  year =	 1992,
  type =	 {Technical Report},
  number =	 {TR91-160},
  month =	 Jun
}

@Misc{Wadler92,
  author =	 {P. Wadler},
  title =	 {The Essence of Functional Programming},
  howpublished = {Invited talk given at POPL'92},
  year =	 1992
}

@Unpublished{Wand96,
  author =	 {M. Wand},
  title =	 {Lecture Notes on Programming Languages},
  note =	 {Manuscript},
  year =	 1996
}

@Book{Watt90,
  author =	 {D. A. Watt},
  title = 	 {Programming Language Concepts and Paradigms},
  publisher = 	 ph,
  year = 	 1990
}


@InProceedings{Wilson92,
  author =	 {P. Wilson},
  title =	 {Uniprocessor Garbage Collection Techniques},
  booktitle =	 {Proceedings of the 1992 International Workshop on
                  Memory Management},
  series =	 LNCS,
  year =	 1992,
  publisher =	 sv,
  month =	 Sep
}

@Article{Wirth71,
  author =	 {N. Wirth},
  title =	 {Program development by stepwise refinement},
  journal =	 cacm,
  year =	 1971,
  volume =	 14,
  number =	 4,
  pages =	 {221-227}
}

@InCollection{Wise82,
  author =	 {D. S. Wise},
  title =	 {Interpreters for Functional Programming},
  booktitle =	 {Functional Programming and Its Applications},
  publisher =	 cup,
  year =	 1982,
  editor =	 {J. Darlington and P. Henderson and D. A. Turner},
  address =	 cupa,
  pages =	 {253--280}
}

@Unpublished{Yi96,
  author =	 {K. Yi},
  title =	 {Compiler Design: Lecture Notes},
  year =	 1996,
  note =	 {Manuscript},
}

@Book{jung89,
  author =	 {A. Jung},
  title =	 {Cartesian Closed Categories of Domains},
  publisher =	 {Centrum voor Wiskunde en Informatica},
  year =	 {1989},
  volume =	 {66},
  series =	 {CWI Tracts},
  address =	 {Amsterdam}
}

@InProceedings{jung93a,
  author =	 {A. Jung and A. Stoughton},
  title =	 {Studying the Fully Abstract Model of {PCF} within
                  its Continuous Function Model},
  booktitle =	 {Typed Lambda Calculi and Applications},
  year =	 1993,
  series =	 {Lecture Notes in Computer Science},
  volume =	 664,
  editor =	 {M. Bezem and J. F. Groote},
  pages =	 {230--244},
  publisher =	 {Springer Verlag},
  abstract =	 {We give a concrete presentation of the
                  inequationally fully abstract model of PCF as a
                  continuous projection of the inductively reachable
                  subalgebra of PCF's continuous function model.}
}

@Manual{mllex,
  title =	 {A Lexical Analyzer Generator for {S}tandard {M}{L}},
  author =	 {A. W. Appel and J. S. Mattson and D. R. Tarditi},
  year =	 1994,
  note =	 {version 1.6.0},
  month =	 Oct
}

@TechReport{schemej,
  author = 	 {Cheoljoo Jeong},
  title = 	 {The Analysis and Design of Kudos Programming Environment},
  institution =  {Electronics and Telecommunications Research Institute},
  year = 	 2000,
  type =	 {Technical Report},
  number =	 {3307-01},
  month =	 {April}
}

@Book{vanLeeuwen90b,
  editor =	 {J. van Leeuwen},
  title =	 {Formal Models and Semantics},
  series =	 {Handbook of Theoretical Computer Science},
  volume =	 {B},
  year =	 1990,
  publisher =	 mitp
}

