@Article{AIM10,
  author =       {L. Atzori and A. Iera and G. Morabito},
  title =        {{The Internet of Things: A survey}},
  journal =      {Computer Networks},
  year =         2010,
  volume =       54,
  number =       15,
  pages =        {2787--2805},
  month =        {Oct}
}

@Proceedings{AOPPROC97,
  title =        {Proceedings of the Aspect-Oriented Programming Workshop
                  at ECOOP'97},
  year =         1997,
  editor =       {C. Lopes and K. Mens and B. Tekinerdogan and G. Kiczales},
  publisher =    sv
}

@Book{Aalst02,
  author =       {W. van der Aalst and K. van Hee},
  title =        {Workflow Management: Models, Methods, and Systems},
  publisher =    mitp,
  year =         2002
}

@Book{BCK98,
  author =       {L. Bass and P. Clements and R. Kazman},
  title =        {Software Architecture in Practice},
  publisher =    aw,
  year =         1998,
  series =       {The SEI Series in Software Engineering}
}

@InProceedings{BD94,
  author =       {P. A. Berstein and U. Dayal},
  title =        {An Overview of Repository Technology},
  booktitle =    {Proceedings of the 20th VLDB Conference},
  year =         1994,
  pages =        {705--713}
}

@InProceedings{BDH05,
  author =       {A. Barros and M. Dumas and A. H. M. ter Hofstede},
  title =        {Service Interaction Patterns},
  booktitle = {Business Process Management},
  pages =     {302--318},
  year =      2005,
  volume =    3649,
  series =    {Lecture Notes in Computer Science}}

@Book{BHG87,
  author =       {P. A. Bernstein and V. Hadzilacos and N. Goodman},
  title =        {Concurrency Control and Recovery in Database
                  Systems},
  year =         1987,
  publisher =    {Addison-Wesley}
}

@Misc{BPEL20,
  author =    {The {OASIS} Committee},
  title =     {Web Services Business Process Execution Language (WS-BPEL)
                  Version 2.0},
  year =      2007}

@Article{Barker09,
  author =       {A. Barker and C. D. Walton and D. Robertson},
  title =        {Choreographing Web Services},
  journal =      ieeeservice,
  year =         2009,
  volume =    2,
  number =    2,
  pages =     {152--166},
  month =     {April--June}}

@Book{Bassett97,
  author =       {P. G. Bassett},
  title =        {Framing Software Reuse: Lessons from the Real World},
  publisher =    {Yourdon Press},
  year =         1997
}

@Book{CB94,
  author =       {W. R. Cheswick and S. M. Bellovin},
  title =        {Firewalls and Internet Security},
  publisher =    aw,
  year =         1994
}

@Article{CD02,
  author =       {B. Chaib-Draa and F. Dignum},
  title =        {Trends in Agent Communication Language},
  journal =      {Computational Intelligence},
  year =         2002,
  volume =    18,
  number =    2,
  pages =     {89--101}
}

@InCollection{CDRS89,
  title =        {Storage Management for Objects in
                  {E}{X}{O}{D}{U}{S}},
  author =       {M. J. Carey and D. J. DeWitt and J. E. Richardson
                  and E. J. Shekita},
  editor =       {W. Kim and F. H. Lochovsky},
  booktitle =    {Object-Oriented Concepts, Databases, and
                  Applications},
  year =         1989,
  publisher =    acmp
}

@Article{CM12,
  author =       {G. Cugola and A. Margara},
  title =        {Processing Flows of Information: From Data Stream to Complex
                  Event Processing},
  journal =      csur,
  year =         2012,
  volume =       44,
  number =       3,
  pages =        {1--69},
  month =        Jun
}

@TechReport{CN96,
  author =       {P. Clements and L. Northrop},
  title =        {Software Architecture: An Executive Overview},
  institution =  {Software Engineering Institute, Carnegie Mellon University},
  year =         1996,
  type =         {Technical Report},
  number =       {CMU/SEI-96-TR-003},
  month =        Feb
}

@InProceedings{CRW00,
  author =       {A. Carzaniga and D. S. Rosenblum and A. L. Wolf},
  title =        {Achieving Expressiveness and Scalability in an
                  {I}nternet-Scale Event Notification Service},
  booktitle =    {Proceedings of the 19~th ACM Symposium on Principles
                  of Distributed Computing (PODC'00)},
  year =         2000,
  month =        Jul
}

@Article{CW98,
  author =       {R. Conradi and B. Westfechtel},
  title =        {Version Models for Software Configuration Management},
  journal =      acmcs,
  year =         1998,
  volume =       30,
  number =       2,
  month =        Jun,
  pages =        {232--280}
}

@Book{Cao12,
  editor =    {J. Cao and S. K. Das},
  title =        {Mobile Agents in Networking and Distributed Computing},
  publisher =    {Wiley},
  year =         2013
}

@Book{Chappell04,
  author =       {D. A. Chappell},
  title =        {Enterprise Service Bus},
  publisher =    ora,
  year =         2004
}

@Article{Coppersmith87,
  author =       {D. Coppersmith},
  title =        {Cryptography},
  journal =      IBM,
  year =         1987,
  month =        Mar,
  volume =       31,
  number =       2,
  pages =        {244--248}
}

@Article{DMNS97,
  author =       {S. Demeyer and T. D. Meijler and O. Nierstrasz and 
                  P. Steyaert},
  title =        {Design Guidelines for `Tailorable' Frameworks},
  journal =      cacm,
  year =         1997,
  volume =       40,
  number =       10,
  month =        Oct,
  pages =        {60--64}
}

@TechReport{Dart90,
  author =       {S. Dart},
  title =        {Spectrum of Functionality in Configuration Management 
                  Systems},
  institution =  {CMU Software Engineering Institute},
  year =         1990,
  number =       {CMU/SEI-90-TR-11},
  month =        Dec
}

@Book{Date90,
  author =       {C. J. Date},
  title =        {An Introduction to Database Systems},
  publisher =    {Addison Wesley},
  year =         1990,
  volume =       {I},
  edition =      {fourth}
}

@InCollection{Diaz89,
  author =       {R. Prieto-D\'{i}az},
  title =        {Classification of Reusable Modules},
  booktitle =    {Software Reusability},
  publisher =    {ACM Press},
  year =         1989,
  editor =       {T. J. Biggerstaff and A. J. Perlis},
  volume =       {I. Concepts and Models},
  chapter =      4
}

@Article{Diaz90,
  author =       {R. Prieto-Diaz},
  title =        {Domain Analysis: An Introduction},
  journal =      {ACM SIGSOFT Notices},
  year =         1990,
  volume =       15,
  number =       2,
  pages =        {47--54}
}

@Book{EN11,
  author =       {O. Etzion and P. Niblett},
  title =        {Event Processing in Action},
  publisher =    {Manning Publications Co.},
  year =         2011
}

@Article{Edwards97,
  author =       {S. H. Edwards},
  title =        {Representation Inheritance: A Safe Form of ``White
                  Box'' Code Inheritance},
  journal =      {IEEE Transactions on Software Engineering},
  year =         1997,
  volume =       23,
  number =       2,
  month =        Feb,
  pages =        {83--92}
}

@Article{Estrin02,
  author =       {D. Estrin and D. Culler and K. Pister and G. Sukhatme},
  title =        {Connecting the Physical World with Pervasive Networks},
  journal =      {IEEE Pervasive Computing},
  year =         2002,
  pages =     {59--69},
  month =     {Jan--Mar}}

@Book{FD99,
  author =       {I. R. Forman and S. H. Danforth},
  title =        {Putting Metaclasses to Work},
  publisher =    aw,
  year =         1999
}

@InProceedings{FKV95,
  author =       {G. S. Fowler and D. G. Korn and K. Vo},
  title =        {Principles for Writing Reusable Libraries},
  booktitle =    {Proceedings of the 
                  Symposium on Software Reusability (SSR'95)},
  year =         1995,
  pages =        {150--159}
}

@Book{FS97,
  author =       {M. Fowler and K. Scott},
  title =        {UML Distilled: Applying the Standard Object Modeling
                  Language},
  publisher =    aw,
  year =         1997
}

@InProceedings{FSC75,
  author =       {E. B. Fernandez and R. C. Summers and C. D. Coleman},
  title =        {An authorization Model for a Shared Database},
  booktitle =    {Proceedings of the 1975 ACM SIGMOD International Conference},
  year =         1975
}

@InProceedings{FSL75,
  author =       {E. B. Fernandez and R. C. Summers and T. Lang},
  title =        {Definition and Evaluation of Access Rules in Data
                  Management Systems},
  booktitle =    {Proceedings of the 1st International Conference on 
                  Very Large Data Bases},
  year =         1975
}

@Book{FV90,
  author =       {J. D. Foley and A. van Dam and S. K. Feiner and 
                  J. F. Hughes and R. L. Phillips},
  title =        {Computer Graphics: Principles and Practice},
  publisher =    aw,
  year =         1990,
  edition =      {second}
}

@Unpublished{FV93,
  author =       {D. Farmer and W. Venema},
  title =        {Improving the Security of Your Site by Breaking Into
                  It},
  note =         {Manuscript},
  year =         1993,
}

@Book{Fowler97,
  author =       {M. Fowler},
  title =        {Analysis Patterns: Reusable Object Models},
  publisher =    aw,
  year =         1997
}

@Misc{GB96,
  author =       {S. Goldwasser and M. Bellare},
  title =        {Lecture Notes on Cryptography},
  year =         1996,
  month =        Jun,
  note =         {from a summer course on cryptography at MIT}
}


@Book{GHJV95,
  author =       {E. Gamma and R. Helm and R. Johnson and J. Vlissides},
  title =        {Design Patterns: Elements of Reusable Object-Oriented
                  Software},
  publisher =    aw,
  year =         1995
}



@Book{GR93,
  author =       {J. Gray and J. Reuter},
  title =        {Transaction Processing: Concepts and Techniques},
  year =         1993,
  publisher =    {Morgan Kauffman}
}

@Book{Gallier87,
  author =       {J. H. Gallier},
  title =        {Logic for Computer Science: Foundations of Automatic 
                  Theorem Proving},
  year =         1987,
  publisher =    {John Wiley \& Sons}
}

@Article{Gelernter85,
  author =       {D. Gelernter},
  title =        {Generative Communication in {Linda}},
  journal =      toplas,
  year =         1985,
  volume =    7,
  number =    1,
  pages =     {80--112},
  month =     Jan}

@Unpublished{Greenberg79,
  author =       {B. S. Greenberg},
  title =        {Multics {E}macs: The History, Design and Implementation},
  note =         {Unpublished manuscript},
  year =         1979
}

@Book{Gregg13,
  author =    {B. Gregg},
  title =        {Systems Performance: Enterprise and the Cloud},
  publisher =    wiley,
  year =         2013}

@Book{HW03,
  author =       {Hohpe and Woolf},
  title =        {Enterprise Integration Patterns: Designing, Building, and
                  Deploying Messaging Solutions},
  publisher =    aw,
  year =         2003
}

@Article{Henning06,
  author =       {M. Henning},
  title =        {The Rise and Fall of {CORBA}},
  journal =      {ACM Queue},
  year =         2006,
  pages =        {28--34},
  month =        Jun
}

@Book{Hintjens13,
  author =    {P. Hintjens},
  title =        {{ZeroMQ}},
  publisher =    ora,
  year =         2013}

@TechReport{IRDS,
  author =       {ANSI X3H4.1},
  title =        {The Information Resource Dictionary System (IRDS) Reference
                  Model},
  institution =  {ANSI},
  number =       {X3H4/90-195R},
  month =        May,
  year =         1991
}

@Article{JF88,
  author =       {R. E. Johnson and B. Foote},
  title =        {Designing Reusable Classes},
  journal =      {Journal of Object-Oriented Programming},
  month =        {June/July},
  year  =        1988
}

@InCollection{JK13,
  author =       {J. McKeller},
  booktitle =    {The Architecture of Open Source Applications},
  title =        {Twisted},
  publisher =    {lulu.com},
  year =         2008,
  volume =       {II: Structure, Scale, and Few More Fearless Hacks},
  editor =       {A. Brown and G. Wilson},
  chapter =      {21}
}

@Misc{JSR343,
  author =    {JSR 343:},
  title =     {Java Message Service 2.0},
  month =     {May},
  year =      2013
}

@Article{Johnson97,
  author =       {R. E. Johnson},
  title =        {Frameworks = (Components + Patterns)},
  journal =      cacm,
  year =         1997,
  volume =       40,
  number =       10,
  month =        Oct,
  pages =        {39--42}
}

@InProceedings{Johnson97b,
  author =       {R. E. Johnson},
  title =        {Components, Frameworks, patterns (Extended Abstract)},
  booktitle =    {ACM Symposium on Software Reusability (SSR-97)},
  year =         1997,
  pages =        {10--17}
}

@InProceedings{KF98,
  author =       {S. Krishnamurthi and M. Felleisen},
  title =        {Toward a Formal Theory of Extensible Software},
  booktitle =    {Proceedings of the ACM SIGSOFT 6th International Symposium 
                  on Foundations of Software Engineering},
  year =         1998,
  pages =        {88--98}
}

@InProceedings{KFF98,
  author =       {S. Krishnamurthi and M. Felleisen and D. P. Friedman},
  title =        {Synthesizing Object-Oriented and Functional Design to 
                  Promote Re-Use},
  booktitle =    ecoop98,
  year =         1998
}

@Book{KS91,
  author =       {H. F. Korth and A. Silberschatz},
  title =        {Database System Concepts},
  year =         1991,
  edition =      {second},
  publisher =    {McGraw-Hill}
}

@Article{KT13,
  author =       {A.-M. Kermarrec and P. Triantafillou},
  title =        {{XL} Peer-to-Peer Pub/Sub Systems},
  journal =      csur,
  year =         2013,
  volume =       46,
  number =       2,
  pages =        {16:1--16:45},
  month =        Nov
}

@TechReport{Kang90,
  author =       {K. Kang and S. Cohen and J. Hess and W. Novak and 
                  A. Peterson},
  title =        {Feature-Oriented Domain Analysis Feasibility Study},
  institution =  {Software Engineering Institute, Carnegie Mellon
                  University},
  year =         1990,
  type =         {Technical Report},
  number =       {CMU/SEI-90-TR-21},
  month =        Nov
}

@Article{Krueger92,
  author =       {C. W. Krueger},
  title =        {Software Reuse},
  journal =      {ACM Computing Surveys},
  year =         1992,
  volume =       24,
  number =       2,
  month =        Jun,
  pages =        {131-183}
}

@Article{LABHJJLTZ05,
  author =       {B. Lud\"{a}scher and I. Altintas and C. Berkley and
                  D. Higgins and E. Jaeger and M. Jones and E. A. Lee and
                  J. Tao and Y. Zhao},
  title =        {Scientific Workflow Management and the {\sc Kepler} System},
  journal =      {Concurrency and Computation: Practice \& Experience},
  year =         2005,
  volume =       18,
  number =       10,
  pages =        {1039--1065}
}

@Book{LG01,
  author =       {B. Liskov and J. Guttag},
  title =        {Program Development in Java: Abstraction, Specification, and
                  Object-Oriented Design},
  publisher =    aw,
  year =         2001
}

@Book{Larson86,
  editor =       {J. L. Larson},
  title =        {Tutorial: Database Management},
  year =         1986,
  publisher =    {IEEE Computer Society Press}
}

@Book{Lewis95,
  author =       {T. Lewis editor.},
  title =        {Object-oriented Application Frameworks},
  publisher =    {Manning Publications Co.},
  year =         1995
}

@TechReport{MG92,
  author =       {E. Mettala and M. H. Graham},
  title =        {The Domain-Specific Software Architecture Program},
  institution =  {Software Engineering Institute, Carnegie Mellon University},
  year =         1992,
  type =         {Technical Report},
  number =       {CMU/SEI-92-SR-9},
  month =        Jun
}

@InProceedings{ML98,
  author =       {M. Mezini and K. Lieberherr},
  title =        {Adaptive Plug-and-Play Components for Evolutionary
                  Software Development},
  booktitle =    oopsla98,
  year =         1998,
  pages =        {97--116}
}

@InProceedings{MLMK97,
  author =       {C. Maeda and A. Lee and G. Murphy and G. Kiczales},
  title =        {Open Implementation Analysis and Design},
  booktitle =    {Proceedings of the ACM Symposium on Software Reusability
                  (SSR '97)},
  year =         1997,
  pages =        {44--52}
}

@InProceedings{MPS98,
  author =       {A. Muscholl and D. Peled and Z. Su},
  title =        {Deciding Properties for Message Sequence Charts},
  booktitle =    {Proceedings of the 1st International Conference on 
                  Foundations of Software Science and Computation Structures},
  editor =       {M. Nivat},
  number =       1378,
  series =       lncs,
  year =         1998,
  publisher =    sv,
  pages =        {226--242}
}

@Book{McClure97,
  author =       {C. McClure},
  title =        {Software Reuse Techniques: Adding Reuse to the System 
                  Development Process},
  publisher =    ph,
  year =         1997
}

@InProceedings{Mendling05,
  author =       {J. Mendling and M. Halfner},
  title =        {From Inter-Organizational WOrkflows to Process Execution:
                  Generating {BPEL} from {WS-CDL}},
  booktitle = {LNCS 3762: Proecedings of On the Move to Meaningful Internet Systems 2005},
  pages =     {506--515},
  year =      2005}

@Proceedings{PLOP3,
  title =        {Pattern Languages of Program Design},
  year =         1998,
  editor =       {R. C. Martin and D. Riehle and F. Buschmann},
  volume =       3,
  publisher =    aw
}

@InProceedings{PW95,
  author =       {J. S. Poulin and K. J. Werkman},
  title =        {Melding Structured Abstracts and the World Wide Web
                  for Retrieval of Reusable Components},
  booktitle =    {Proceedings of the 
                  Symposium on Software Reusability (SSR'95)},
  year =         1995,
  pages =        {160--168}
}


@Book{Page-Jones88,
  author =       {Meilir Page-Jones},
  title =        {The Practical Guide to Structured Systems Design},
  publisher =    ph,
  year =         1988,
  series =       {Yourdon Press Computing Series},
  edition =      {second}
}

@Misc{Pope97,
  author =       {A. L. Pope},
  title =        {The {O}bject: {C}{O}{R}{B}{A} {B}asics ({T}utorial)},
  howpublished = {available from \verb+\http://+{\tt{}www.qds.com}},
  year =         1997,
  month =        Dec
}

@Book{Pree95,
  author =       {W. Pree},
  title =        {Design Patterns for Object-Oriented Software Development},
  publisher =    {ACM Press},
  year =         1995
}

@Book{Pressman92,
  author =       {R. S. Pressman},
  title =        {Software Engineering: A Practitioner's Approach},
  publisher =    {McGraw-Hill},
  year =         1992,
  edition =      {3rd}
}

@Article{RBKW91,
  author =       {F. Rabitti and E. Bertino and W. Kim and D. Woelk},
  title =        {A Model of authorization for Next-Generation Database Systems},
  journal =      tods,
  year =         1991,
  volume =       16,
  number =       1,
  month =        Mar,
  pages =        {88--131}
}

@Book{RD09,
  author =       {T. Rademakers and J. Dirksen},
  title =        {Open Source ESBs in Action},
  publisher =    manning,
  year =         2009
}

@TechReport{RHAM06,
  author =       {N. Russell and A. H. M. ter Hofstede and W. M. P. van der Aalst and N. Mulyar},
  title =        {Workflow Control-Flow Patterns : A Revised View},
  institution =  {BPM Center},
  year =         2006,
  type =      {BPM Center Report},
  number =    {BPM-06-22}}

@TechReport{RHEA04a,
  author =       {N. Russell and A. H. M. ter Hofstede and D. Edmond and W. M. P. van der Aalst},
  title =        {Workflow Data Patterns},
  institution =  {Queensland University of Technology},
  year =         2004,
  type =      {QUT Technical Report},
  number =    {FIT-TR-2004-01}}

@TechReport{RHEA04b,
  author =       {N. Russell and A. H. M. ter Hofstede and D. Edmond and W. M. P. van der Aalst},
  title =        {Workflow Resource Patterns},
  institution =  {Eindhoven University of Technology},
  year =         2004,
  type =      {BETA Working Paper Series},
  number =    {WP 127}}

@Book{RN95,
  author =       {S. Russell and P. Norvig},
  title =        {Artificial Intelligence: A Modern Approach},
  publisher =    ph,
  year =         1995
}

@Article{RSA78,
  author =       {R. L. Rivest and A. Shamir and L. Adleman},
  title =        {A Method for Obtaining Digitial Signatures and
                  Public Key Cryptosystems},
  journal =      cacm,
  year =         1978,
  volume =       21,
  pages =        {120--126}
}
@TechReport{RW87,
  author =       {C. Rich and R. C. Waters},
  title =        {Formalizing Reusable Software Components In the
                  Programmer's Apprentice},
  institution =  {AI Laboratory, MIT},
  year =         1987,
  type =         {AI Memo},
  number =       954
}

@Book{Ramakrishnan98,
  author =       {R. Ramakrishnan},
  title =        {Database Management Systems},
  publisher =    {McGraw-Hill},
  year =         1998
}
@Book{Reifer97,
  author =       {D. Reifer},
  title =        {Practical Software Reuse},
  publisher =    wiley,
  year =         1997,
}

@Misc{Rivest94,
  author =       {R. Rivest},
  title =        {Lecture Notes on Network and Computer Security},
  howpublished = {Lecture Note},
  year =         1994
}

@Book{Rogers97,
  author =       {G. F. Rogers},
  title =        {Framework-Based Software Development in C++},
  publisher =    ph,
  year =         1997
}

@Book{Rumbaugh91,
  author =       {J. Rumbaugh and M. Blaha and W. Premerlani and F. Eddy and 
                  W. Lorensen},
  title =        {Object-Oriented Modeling and Design},
  year =         1991,
  publisher =    ph
}

@Book{SG96,
  author =       {M. Shaw and D. Garlan},
  title =        {Software Architecture: Perspectives On An Emerging 
                  Discipline},
  publisher =    ph,
  year =         1996
}

@Book{SH98,
  title =        {Readings in Database Systems},
  year =         1998,
  editor =       {M. Stonebraker and J. Hellerstein},
  edition =      {Third},
  publisher =    mk
}

@Article{Schmid97,
  author =       {H. A. Schmid},
  title =        {Systematic Framework Design by Generalization},
  journal =      cacm,
  year =         1997,
  volume =       40,
  number =       10,
  month =        Oct,
  pages =        {48--51}
}

@Book{Schneier96,
  author =       {B. Schneier},
  title =        {Applied Cryptography: Protocols, Algorithms, and
                  Soruce Code in C},
  publisher =    wiley,
  year =         1996,
  edition =      {second}
}

@Article{Shannon48,
  author =       {C. E. Shannon},
  title =        {A Mathematical Theory of Communication},
  journal =      {Bell System Technical Journal},
  year =         1948,
  volume =       27,
  month =        {July, October},                 
  pages =        {379--423,623--656}
}

@Article{Shannon49,
  author =       {C. E. Shannon},
  title =        {Communication Theory of Secrecy Systems},
  journal =      {Bell System Technical Journal},
  year =         1948,
  volume =       28,
  pages =        {657--715}
}

@Article{Siegel98,
  author =       {J. Siegel},
  title =        {{O}{M}{G} Overview: 
                  {C}{O}{R}{B}{A} and the {O}{M}{A} in Enterprise Computing},
  journal =      cacm,
  year =         1998,
  volume =       41,
  number =       10,
  month =        Oct,
  pages =        {37--43}
}

@Unpublished{Soundarajan98,
  author =       {N. Soundarajan},
  title =        {Understanding Frameworks},
  note =         {Manuscript},
  year =         1998
}


@TechReport{Stallman81,
  author =       {R. M. Stallman},
  title =        {E{M}{A}{C}{S}: The Extensible, Customizable
                  Self-Documenting Display Editor},
  institution =  {AI Laboratory, MIT},
  year =         1981,
  type =         {AI Memo},
  number =       {519A}
}

@InCollection{Stallman84,
  author =       {R. M. Stallman},
  title =        {{E}{M}{A}{C}{S}: The Extensible, Customizable, 
                  Self-Documenting Display Editor},
  booktitle =    {Interactive Programming Environments},
  chapter =      15,
  publisher =    {McGraw-Hill},
  year =         1984,
  editor =       {D. R. Barstow and H E. Shrobe and E. Sandewall},
  pages =        {300--325}
}

@Book{Stinson95,
  author =       {D. R. Stinson},
  title =        {Cryptography: Theory and Practice},
  year =         1995,
  publisher =    {CRC Press}
}

@Book{Szyperski98,
  author =       {C. Szyperski},
  title =        {Component Software: Beyond Object-Oriented Programming},
  publisher =    {ACM Press},
  year =         1998
}

@Article{TC97,
  author =       {W. M. Teppenhart and J. J. Cusick},
  title =        {A Unified Object Topology},
  journal =      {IEEE Software},
  year =         1997,
  volume =       14,
  number =       1,
  month =        Jan,
  pages =        {31--35}
}

@Misc{UMLMetaModel,
  author =       {Rational Software Corp.},
  title =        {U{M}{L} 1.3 Semantics MetaModel},
  year =         1999,
  howpublished = {{\tt{}http://www.rational.com/}},
  month =        Jan
}

@Book{Ullman88,
  author =       {J. D. Ullman},
  title =        {Principles of Database and Knowledge-Base Systems},
  volume =       1,
  year =         1988,
  publisher =    {Computer Science Press}
}

@Book{VD10,
  author =       {J. Vasseur and A. Dunkels},
  title =        {Interconnecting Smart Objects with {IP}: The Next
                  {Internet}}, 
  publisher =    mkp,
  year =         2010
}



@Book{WL89,
  editor =       {W. Kim and F. H. Lochovsky},
  title =        {Object-Oriented Concepts, Databases, and
                  Applications},
  year =         1989,
  publisher =    acmp
}

@Misc{WSCDL10,
  author =    {W3C},
  title =     {Web Services Choreography Description Language Version 1.0},
  howpublished = {http://www.w3.org/TR/ws-cdl-10},
  year =      2005
}

@Article{Wieringa98,
  author =       {R. Wieringa},
  title =        {A Survey of Structured and Object-Oriented Software
                  Specification Methods and Techniques},
  journal =      acmcs,
  year =         1998,
  volume =       30,
  number =       4,
  month =        Dec,
  pages =        {459--528}
}

@Article{Wilde11,
  author =       {M. Wilde and M. Hategan and J. M. Wozniak and B. Clifford
                  and D. S. Katz and I. Foster},
  title =        {Swift: A Language for Distributed Parallel Scripting},
  journal =      {Parallel Computing},
  year =         2011,
  volume =    37,
  number =    9,
  pages =     {633--652},
  month =     Sep
}

@InProceedings{YB97,
  author =       {J. Yoder and J. Barcalow},
  title =        {Architectural Patterns for Enabling Application Security},
  booktitle =    {Proceedings of the 4th Conference on Patterns Language 
                  of Programming (PLoP'97)},
  pages =        {},
  year =         1997
}

@Article{ZW95,
  author =       {A. M. Zaremski and J. M. Wing},
  title =        {Signature Matching},
  journal =      tosem,
  year =         1995,
  volume =       4,
  number =       2,
  pages =        {146--170},
  month =        Apr
}

@Article{ZW97,
  author =       {A. M. Zaremski and J. M. Wing},
  title =        {Specification Matching of Software Components},
  journal =      tosem,
  year =         1997,
  volume =       6,
  number =       4,
  pages =        {333--969},
  month =        Oct
}


@Booklet{plus,
  title =        {Security$^+$ for {U}{N}{I}{X}},
  author =       {POSTECH Laboratory for UNIX Security},
  year =         1998
}

@Misc{wfmc95,
  author =    {D. Hollingsworth},
  title =     {The Workflow Reference Model},
  howpublished = {Document Number TC00-1003, The Workflow Management 
                  Coalition},
  year =      1995
}


@Book{workflow02,
  editor =       {L. Fischer},
  title =        {Workflow Handbook},
  publisher =    {Future Strategies Inc.},
  year =         2002
}

