@Book{ACM87,
  editor =	 {R. L. Ashenhurst},
  title =	 {ACM Turing Award Lectures: The First Twenty Years:
                  1966 to 1985},
  year =	 1987,
  series =	 {ACM Press Anthology Series},
  publisher =	 {ACM Press}
}

@InProceedings{ACY95,
  author =	 {R. Alur and C. Courcoubetis and M. Yannakakis},
  title =	 {Distinguishing tests for nondeterministic and
                  probabilistic machines},
  booktitle =	 stoc95,
  year =	 1995,
  pages =	 {363--372}
}

@Article{AF97,
  author =	 {S. Arora and R. Fagin},
  title =	 {On Winning Strategies in
                  {E}hrenfeucht-{F}ra{\"\i}ss\'{e} Games},
  journal =	 tcs,
  year =	 1997,
  note =	 {To appear}
}

@Article{AHMP87,
  author =	 {H. Alt and T. Hagerup and K. Mehlhorn and
                  F. P. Preparata},
  title =	 {Deterministic Simulation of Idealized Parallel
                  Computers on More Realistic Ones},
  journal =	 sicomp,
  year =	 1987,
  month =	 Oct,
  volume =	 16,
  number =	 5,
  pages =	 {808--835}
}

@InProceedings{AHP95,
  author =	 {A. Andersson and J. H{\aa}stad and O. Petersson},
  title =	 {A Tight Lower Bounds for Searching a Sorted Array},
  booktitle =	 stoc95,
  year =	 1995,
  pages =	 {417--426}
}

@InProceedings{AISS95,
  author =	 {A. Alexandrov and M. Ionescu and K. E. Schauser and
                  C. Scheiman},
  title =	 {{L}og{G}{P}: Incorporating Long Messages into the
                  {L}og{P} model - One Step close towards a realistic
                  model for parallel computation},
  booktitle =	 spaa95,
  year =	 1995,
  pages =	 {95--105}
}

@InProceedings{AS92,
  author =	 {S. Arora and S. Safra},
  title =	 {Probabilistic checking of proofs; {A} new
                  characterization of $\cal{N}{P}$},
  booktitle =	 focs92,
  year =	 1992,
  month =	 Oct,
  pages =	 {2--13}
}

@Article{AS98,
  author = 	 {S. Arora and S. Safra},
  title = 	 {Probabilistic Checking of Proofs: A New Chracterization of 
                  {N}{P}},
  journal = 	 jacm,
  year = 	 1998,
  volume =	 45,
  number =	 1,
  month =	 Jan,
  pages =	 {70--122}
}

@TechReport{Arora94,
  author =	 {S. Arora},
  title =	 {Probabilistic Checking of Proofs and Hardness of
                  Approximation Problems},
  institution =	 {Department of Computer Science, Princeton
                  University},
  year =	 1994,
  month =	 Aug,
  number =	 {CS-TR-476-94}
}

@InProceedings{Arora95,
  author =	 {S. Arora},
  title =	 {Reductions, Code, {P}{C}{P}s, and Inapproximability},
  booktitle =	 focs95,
  year =	 1995,
  pages =	 {404--413}
}

@techreport{BBRRT93,
  author =	 {P. Beame and A. Borodin and P. Raghavan and
                  W. L. Ruzzo and M. Tompa},
  title =	 {Time-Space Tradeoffs for undirected Graph Traversal},
  institution =	 {University of Washington},
  year =	 1993,
  month =	 Feb,
  number =	 {93-02-01}
}

@InProceedings{BBRS92,
  author =	 {G. Barnes and J. F. Buss and W. L. Ruzzo and
                  B. Schieber},
  title =	 {A Sublinear Space, Polynomial Time algorithm for
                  Directed $s-t$ Connectivity},
  booktitle =	 struct92,
  year =	 1992,
  pages =	 {27--33}
}

@Article{BC82,
  author =	 {A. Borodin and S. Cook},
  title =	 {A Time-Space Tradeoff for Sorting on a General
                  Sequential Model of Computation},
  journal =	 sicomp,
  year =	 1982,
  month =	 May,
  volume =	 11,
  number =	 2,
  pages =	 {287--297}
}

@Book{BC94,
  author =	 {D. P. Bovet and P. Crescenzi},
  title =	 {Introduction to the Theory of Complexity},
  publisher =	 ph,
  year =	 1994
}

@InProceedings{BCEIP95,
  author =	 {P. Beame and S. Cook and J. Edmonds and
                  R. Impagliazzo and T. Pitassi},
  title =	 {The Relative Complexity of $\cal{N}{P}$ Search
                  Problems},
  booktitle =	 stoc95,
  year =	 1995,
  pages =	 {303--314}
}

@Book{BDG90,
  author = 	 {S. Balcazar and J. Diaz and J. Gabarro},
  title = 	 {Structural Complexity II},
  publisher = 	 sv,
  year = 	 1995,
  volume =	 22,
  series =	 {EATCS Monographs on Theoretical Computer Science}
}

@Book{BDG95,
  author = 	 {S. Balcazar and J. Diaz and J. Gabarro},
  title = 	 {Structural Complexity I},
  publisher = 	 sv,
  year = 	 1995,
  volume =	 11,
  series =	 {EATCS Monographs on Theoretical Computer Science},
  edition =	 {Second}
}

@Book{BJ89,
  author =	 {G. S. Boolos and R. C. Jeffrey},
  title =	 {Computability and Logic},
  year =	 1989,
  edition =	 {third},
  publisher =	 {Cambridge University Press}
}

@Article{Babai88,
  author =	 {L\'{a}szl\'{o} Babai},
  title =	 {Arthur-Merlin Games: A Randomized Proof System and a
                  Hierarchy of Complexity Classes},
  journal =	 JCSS,
  year =	 1988,
  volume =	 36,
  pages =	 {254--276}
}

@Book{Borger89,
  author =	 {E. B\"{o}rger},
  title =	 {Computability, Complexity, Logic},
  year =	 1989,
  volume =	 128,
  series =	 {Studies in Logic and the Foundations of Mathematics},
  publisher =	 nh
}

@Article{Bshouty93,
  author =	 {N. H. Bshouty},
  title =	 {On the Complexity of Functions for Random Access
                  Machines},
  journal =	 JACM,
  year =	 {1993},
  month =	 Apr,
  volume =	 {40},
  number =	 {2},
  pages =	 {221--223}
}

@Article{CDR86,
  author =	 {S. Cook and C. Dwork and R. Reischuk},
  title =	 {Upper and Lower Bounds for Parallel Random Access
                  Machines without Simultaneous Writes},
  journal =	 SIAMJCOMP,
  year =	 1986,
  month =	 Feb,
  volume =	 15,
  number =	 1,
  pages =	 {87--97},
  annote =	 {established a $\Omega(\log n)$ lower bound on the
                  basic problems on the CREW PRAM: logical `or'
                  problem, sum, $\cdots$}
}

@Article{CS76,
  author =	 {S. Cook and R. Sethi},
  title =	 {Storage Requirements for Deterministic Polynomial
                  Time Recognizable Languages},
  journal =	 jcss,
  year =	 1976,
  volume =	 13,
  pages =	 {25--37}
}

@Book{Chaitin90,
  author =	 {G. J. Chaitin},
  title =	 {Information, Randomness, \& Incompleteness: Papers
                  on Algorithmic Information Theory},
  year =	 1990,
  edition =	 {2nd},
  publisher =	 {World Scientific}
}

@TechReport{Chaitin95,
  author =	 {G. J. Chaitin},
  title =	 {A New Version of Algorithmic Information Theory},
  institution =	 {IBM Research Division, T. J. Watson Research Center},
  year =	 1995,
  type =	 {Research Report},
  number =	 {RC 20092},
  month =	 Jun
}

@Book{Condon89,
  author =	 {A. Condon},
  title =	 {Computational Models of Games},
  year =	 1989,
  publisher =	 {MIT Press}
}

@InProceedings{Cook71,
  author =	 {S. A. Cook},
  title =	 {The Complexity of Theorem-Proving Procedures},
  booktitle =	 stoc71,
  year =	 1971,
  pages =	 {151--158}
}

@InProceedings{DKR90,
  author =	 {M. Dietzfelbinger and M. Kutylowsku and R. Reischuk},
  title =	 {Exact Time Bounds for Computing Boolwan Functions on
                  {P}{R}{A}{M}s Without Simulataneous Writes},
  booktitle =	 spaa90,
  year =	 1990
}

@Book{DW83,
  author =	 {M. Davis and E. J. Weyuker},
  title =	 {Computability, Complexity, and Languages},
  year =	 1983,
  publisher =	 {Academic Press}
}

@Book{Davis58,
  author =	 {M. Davis},
  title =	 {Computability \& Unsolvability},
  year =	 1958,
  publisher =	 {McGraw-Hill}
}

@Book{Davis65,
  editor =	 {M. Davis},
  title =	 {The Undecidable: Basic Papers on Undecidable
                  Propositions, Unsolvable Problems and Computable
                  Functions},
  year =	 1956,
  publisher =	 {Raven Press}
}

@Article{Dymond86,
  author =	 {P. W. Dymond},
  title =	 {On Nondeterminism in Parallel Computation},
  journal =	 tcs,
  year =	 1986,
  volume =	 47,
  pages =	 {111--120}
}

@Book{FB94,
  author =	 {R. W. Floyd and R. Beigel},
  title =	 {The Theory of Machines: An Introduction to
                  Computability and Formal Languages},
  year =	 1994,
  publisher =	 {Computer Science Press}
}

@Proceedings{FOCS13,
  title =	 {13th Annual Symposium on Switching and Automata
                  Theory},
  booktitle =	 {13th Annual Symposium on Switching and Automata
                  Theory},
  month =	 {25--27 } # oct,
  year =	 1972,
  organization = {IEEE},
  crossrefonly = 1
}

@TechReport{FR74,
  author = 	 {M. J. Fischer and M. O. Rabin},
  title = 	 {Super-Exponential Complexity of {P}resburger Arithmetic},
  institution =  {Massachusetts Institute of Technology},
  year = 	 1974,
  type =	 {MAC Technical Memorandum},
  number =	 {MIT-LCS-TM-043},
  month =	 Feb
}

@PhdThesis{Fortnow89,
  author =	 {L. J. Fortnow},
  title =	 {Complexity-Theoretic Aspects of Interactive Proof
                  Systems},
  school =	 {Massachusetts Institute of Technology},
  year =	 1989,
  month =	 Jun
}

@TechReport{Fortnow94,
  author =	 {L. Fortnow},
  title =	 {The Role of Relativization in Complexity Theory},
  institution =	 {Computer Science Department, University of Chicago},
  year =	 1994,
  type =	 {Technical Report},
  number =	 {TR94-00}
}

@InProceedings{GH95,
  author =	 {M. Goldmann and J. H{\aa}stad},
  title =	 {Monotone Circuits for Connectivity have Depth $(\log
                  n)^{2-o(1)}$},
  booktitle =	 stoc95,
  year =	 1995,
  pages =	 {569--574}
}

@Book{GJ79,
  author =	 {M. R. Garey and M. S. Johnson},
  title =	 {Computers and Intractability: A Guide to the Theory
                  of {NP}-Completeness},
  year =	 1979,
  publisher =	 {W. H. Freeman}
}

@Article{GMR89,
  author =	 {S. Goldwasser and S. Milcali and C. Rackoff},
  title =	 {The Knowledge Complexity of Interactive Proof
                  Systems},
  journal =	 sicomp,
  year =	 1989,
  volume =	 18,
  number =	 1,
  month =	 Feb,
  pages =	 {186-208}
}

@InProceedings{GS86,
  author =	 {S. Goldwasser and M. Sipser},
  title =	 {Private Coins versus Public Coins in Interactive
                  Proof Systems},
  booktitle =	 focs86,
  year =	 1986,
  pages =	 {59--68}
}

@Book{Godel92,
  author =	 {K. G{\"{o}}del},
  title =	 {On Formally Undecidable Propositions of Principia
                  Mathematica and Related Systems},
  year =	 1992,
  publisher =	 {Dover Publications}
}

@Book{HU79,
  author =	 {J. E. Hopcroft and J. D. Ullman},
  title =	 {Introduction to Automata Theory, Languages and
                  Computation},
  year =	 1979,
  publisher =	 {Addison-Wesley}
}

@Book{Hartmanis30,
  author =	 {J. Hartmanis},
  title =	 {Feasible Computations and Provable Complexity
                  Properties},
  year =	 1978,
  month =	 Jun,
  series =	 {CBMS-NSF Regional Conference Series in Applied
                  Mathematics},
  number =	 30,
  publisher =	 {SIAM},
}

@InProceedings{Hastad86,
  author =	 {Johan H{\aa}stad},
  title =	 {Almost Optimal Lower Bounds for Small Depth
                  Circuits},
  booktitle =	 focs86,
  year =	 1986,
  pages =	 {6--20}
}

@Article{Hemaspaandra94a,
  author =	 {L. A. Hemaspaandra},
  title =	 {Complexity Theory Column 7, Teaching Computational
                  Complexity: Resources to Treasure},
  journal =	 sigact,
  year =	 1994,
  volume =	 25,
  number =	 4,
  month =	 Dec,
  pages =	 {2--11}
}

@Book{Hofstadter89,
  author = 	 {D. Hofstadter},
  title = 	 {G\"{o}del, Escher, Bach: An Eternal Golden Braid},
  publisher = 	 {Vintage Books},
  year = 	 1989
}

@InProceedings{Immerman89,
  author =	 {N. Immerman},
  title =	 {Descriptive and Computational Complexity},
  booktitle =	 {Proceedings of Symposia in Applied Mathematics},
  year =	 1989,
  pages =	 {75-91}
}

@TechReport{JY88,
  author =	 {D. Joseph and P. Young},
  title =	 {Self-Reducibility: The Effects of Structure on
                  Complexity},
  institution =	 {Department of Computer Science, University of
                  Wisconsin at Madison},
  year =	 1988,
  type =	 {Technical Report},
  number =	 {\#789},
  month =	 Oct
}

@Unpublished{JeongTheoryBib,
  author =	 {C. Jeong},
  title =	 {Theory of Computation: Annotated Bibliography},
  note =	 {Unpublished},
  year =	 1997
}

@Book{Jones97,
  author = 	 {N. D. Jones},
  title = 	 {Computability and Complexity From a 
                  Programming Perspective},
  publisher = 	 mitp,
  year = 	 1997
}

@InProceedings{KLMPSS95,
  author =	 {N. Kahale and T. Leighton and Y. Ma and
                  C. G. Plaxton and T. Suel and E. Szemer\'{e}di},
  title =	 {Lower Bounds for Sorting Networks},
  booktitle =	 stoc95,
  year =	 1995,
  pages =	 {437--446}
}

@Article{KP82,
  author =	 {R. M. Karp and C. H. Papadimitriou},
  title =	 {On Linear Characterizations of Combinatorial
                  Optimization Problems},
  journal =	 sicomp,
  year =	 1982,
  month =	 Nov,
  volume =	 11,
  number =	 4,
  pages =	 {620--632}
}

@Book{Karchmer89,
  author =	 {M. Karchmer},
  title =	 {Communication Complexity: A New Approach to Circuit
                  Depth},
  publisher =	 mitp,
  series =	 {ACM Doctoral Dissertation and Distinguished
                  Dissertation Series},
  year =	 1989
}

@Article{Kleene36,
  author =	 {S. C. Kleene},
  title =	 {$\lambda$-definability and recursiveness},
  journal =	 {Duke Mathematics Journal},
  year =	 1936,
  volume =	 2,
  pages =	 {340--353},
  annote =	 {proved that $\lambda$-calculus and primitive
                  recursive function define the same class of
                  computable functions;}
}

@Book{Kleene71,
  author =	 {S. C. Kleene},
  title =	 {Introduction to Metamathematics},
  year =	 1971,
  publisher =	 nh
}

@InProceedings{Krentel86,
  author =	 {M. W. Krentel},
  title =	 {The Complexity of Optimization Problems},
  booktitle =	 stoc86,
  year =	 1986,
  pages =	 {69--75}
}

@Unpublished{Kushilevitz96,
  author =	 {E. Kushilevitz},
  title =	 {Communication Complexity},
  note =	 {Manuscript},
  year =	 1996
}

@Book{LV93,
  author =	 {Ming Li and Paul Vit\'{a}nyi},
  title =	 {An Introduction to Kolmogorov Complexity and Its
                  Applications},
  year =	 1993,
  series =	 {Texts and Monographs in Computer Science},
  month =	 Sep,
  publisher =	 {Springer-Verlag}
}

@Article{Leighton85,
  author =	 {Leighton},
  title =	 {Tight Bounds on the Complexity of Parallel Sorting},
  journal =	 ieeetc,
  year =	 1985,
  month =	 Apr,
  volume =	 34,
  number =	 4,
  pages =	 {344--354}
}

@Unpublished{Levin96,
  author =	 {L. Levin},
  title =	 {Fundamentals of Computing},
  note =	 {Manuscript},
  year =	 1996
}

@Article{Linial84,
  author =	 {N. Linial},
  title =	 {The Information-Theoretic Bound is Good for Merging},
  journal =	 sicomp,
  year =	 1984,
  month =	 Nov,
  volume =	 13,
  number =	 4,
  pages =	 {795--801}
}

@Book{Lovasz86,
  author =	 {L. Lov\'{a}sz},
  title =	 {An Algorithmic Theory of Numbers, Graphs, and
                  Complexity},
  year =	 1986,
  month =	 Aug,
  series =	 {CBMS-NSF Regional Conference Series in Applied
                  Mathematics},
  publisher =	 {SIAM},
  number =	 50
}

@Unpublished{Lovasz94b,
  author =	 {L. Lov\'{a}sz},
  title =	 {Computational Complexity},
  organization = {yalecsd},
  month =	 Mar,
  year =	 1994,
  note =	 {Manuscript}
}

@InProceedings{MS73,
  title =	 {The Equivalence Problem for Regular Expressions with
                  Squaring Requires Exponential Space},
  author =	 {A. R. Meyer and L. J. Stockmeyer},
  pages =	 {125--129},
  booktitle =	 focs73,
  year =	 1973
}

@Book{MS77,
  author =	 {F. J. MacWilliams and N. J. A. Sloane},
  title = 	 {The Theory of Error-Correcting Codes},
  publisher = 	 nh,
  year = 	 1977
}

@Book{MY79,
  author =	 {M. Machtey and P. Young},
  title =	 {An Introduction to the General Theory of Algorithms},
  year =	 1979,
  publisher =	 nh
}

@InProceedings{MacKenzie95,
  author =	 {P. D. MacKenzie},
  title =	 {Lower Bounds for Randomized Exclusive Write
                  {P}{R}{A}{M}s},
  booktitle =	 spaa95,
  year =	 1995,
  pages =	 {254--263}
}

@Book{Nisan92,
  author =	 {N. Nisan},
  title =	 {Using Hard Problems to Create Pseudorandom
                  Generators},
  publisher =	 mitp,
  year =	 1992,
  series =	 {ACM Distinguished Dissertation Series}
}

@TechReport{Ogihara95,
  author =	 {M. Ogihara},
  title =	 {The {P}{L} Hierarchy Collapses},
  institution =	 {Department of Computer Science, University of
                  Rochester},
  year =	 1995,
  number =	 587,
  month =	 Jun
}

@InProceedings{PS94,
  author =	 {A. Polishchuk and D. Spielman},
  title =	 {Nearly-linear Size Holographic Proofs},
  booktitle =	 stoc94,
  year =	 1994,
  pages =	 {194--203}
}

@Article{PY90,
  author =	 {C. H. Papadimitriou and M. Yannakakis},
  title =	 {Towards an Architecture-Independent Analysis of
                  Parallel Algorithms},
  journal =	 sicomp,
  year =	 1990,
  month =	 Apr,
  volume =	 19,
  number =	 2,
  pages =	 {322--328}
}

@Book{Papadimitriou94,
  author =	 {C. H. Papadimitriou},
  title =	 {Computational Complexity},
  year =	 1994,
  publisher =	 {Addison-Wesley}
}

@Article{Pippenger87,
  author =	 {N. Pippenger},
  title =	 {The Complexity of Computations by Networks},
  journal =	 IBM,
  year =	 1987,
  month =	 Mar,
  volume =	 31,
  number =	 2,
  pages =	 {235--243}
}

@Book{Pippenger97,
  author = 	 {N. Pippenger},
  title = 	 {Theories of Computability},
  publisher = 	 cup,
  year = 	 1997
}

@Book{RHMV95,
  author = 	 {R. Fagin and J. Y. Halpern and Y. Moses and M. Vardi},
  title = 	 {Reasoning About Knowledge},
  publisher = 	 mitp,
  year = 	 1995
}

@Article{Reif85,
  author =	 {J. H. Reif},
  title =	 {Depth first search is inherently sequential},
  journal =	 IPL,
  year =	 1985,
  volume =	 20,
  number =	 4,
  pages =	 {229--234}
}

@Book{Rogers87,
  author =	 {H. {Rogers, Jr.}},
  title =	 {Theory of Recursive Functions and Effective
                  Computability},
  year =	 1987,
  publisher =	 {MIT Press}
}

@Article{Schoning89,
  author =	 {U. Sch{\"{o}}ning},
  title =	 {Probabilistic complexity classes and lowness},
  journal =	 jcss,
  year =	 1989,
  volume =	 39,
  pages =	 {84--100}
}

@Article{Shamir92,
  author =	 {A. Shamir},
  title =	 {$\cal{I}{P}$ = $\cal{P}{S}{P}{A}{C}{E}$},
  journal =	 JACM,
  year =	 1992,
  month =	 Oct,
  volume =	 39,
  number =	 4,
  pages =	 {869--877}
}

@Article{Shen92,
  author =	 {A. Shen},
  title =	 {$\cal{I}{P}$ = $\cal{P}{S}{P}{A}{C}{E}$: Simplified
                  Proof},
  journal =	 JACM,
  year =	 1992,
  month =	 Oct,
  volume =	 39,
  number =	 4,
  pages =	 {878--880}
}

@Article{Sipser88,
  author =	 {M. Sipser},
  title =	 {Expanders, Randomness, or Time versus Space},
  journal =	 jcss,
  year =	 1988,
  volume =	 36,
  pages =	 {379--383}
}

@InProceedings{Sipser92,
  author = 	 {M. Sipser},
  title = 	 {The History and Status of the {P versus NP} Question},
  booktitle = 	 stoc92,
  year =	 1992,
  pages =	 {603--618}
}

@Book{Sipser96,
  author =	 {M. Sipser},
  title =	 {Introduction to the Theory of Computation},
  year =	 1996,
  publisher =	 {PWS}
}

@Book{Smullyan61,
  author =	 {R. M. Smullyan},
  title =	 {Theory of Formal Systems},
  year =	 1961,
  number =	 47,
  series =	 {Annals of Mathematics Studies},
  publisher =	 {Princeton University Press}
}

@Book{Smullyan93,
  author =	 {R. M. Smullyan},
  title =	 {Recursion Theory for Metamathematics},
  year =	 1993,
  number =	 22,
  series =	 {Oxford Logic Studies},
  publisher =	 {Oxford University Press}
}

@Unpublished{Soare95,
  author =	 {R. I. Soare},
  title =	 {Computability and Recursion},
  note =	 {Lecture given at the 10th International Congress for
                  Logic, Methodology, and Philosophy of Science,
                  Section 3: Recursion Theory and Constructivism},
  year =	 1995
}

@Book{Sudan95,
  author =	 {M. Sudan},
  title =	 {Efficient Checking of Polynomials and Proofs and the
                  Hardness of Approximations},
  publisher =	 sv,
  year =	 1995,
  number =	 1001,
  series =	 LNCS
}

@Unpublished{Tompa88,
  author =	 {M. Tompa},
  title =	 {Zero Knowledge Interactive Proofs of Knowledge ({A}
                  {D}igest)},
  organization = {IBM Research Division, Thomas J. Watson Research
                  Center},
  year =	 1988,
  note =	 {Manuscript}
}

@Article{VV86,
  author =	 {L. G. Valiant and V. V. Vazirani},
  title =	 {$\cal{N}{P}$ is as easy as Detecting Unique
                  Solutions},
  journal =	 TCS,
  year =	 1986,
  volume =	 47,
  pages =	 {85--93}
}

@Article{VV89,
  author =	 {U. V. Vazirani and V. V. Vazirani},
  title =	 {The Two-processor Scheduling Problem is in Random
                  $\cal{N}{C}$},
  journal =	 sicomp,
  year =	 1989,
  month =	 Dec,
  volume =	 18,
  number =	 6,
  pages =	 {1140--1148}
}

@Article{Wilson90,
  author =	 {C. B. Wilson},
  title =	 {On the Decomposability of $\cal{N}{C}$ and
                  $\cal{A}{C}^*$},
  journal =	 sicomp,
  year =	 1990,
  month =	 Apr,
  volume =	 19,
  number =	 2,
  pages =	 {384--396}
}

@Book{Winograd80,
  author =	 {S. Winograd},
  title =	 {Arithmetic Complexity of Computations},
  year =	 1980,
  month =	 Dec,
  series =	 {CBMS-NSF Regional Conference Series in Applied
                  Mathematics},
  publisher =	 {SIAM},
  number =	 33
}

@Article{YV87,
  author =	 {Y. Azar and U. Vishkin},
  title =	 {Tight Comparison Bounds on the Complexity of
                  Parallel Sorting},
  journal =	 sicomp,
  year =	 1987,
  month =	 Jun,
  volume =	 16,
  number =	 3,
  pages =	 {458--464}
}

@Unpublished{Yap90,
  author =	 {C. K. Yap},
  title =	 {Theory of Complexity Classes, volume 1},
  organization = {Courant Institute of Mathematical Sciences, New York
                  University},
  year =	 1990,
  note =	 {Manuscript}
}

@Book{vanLeeuwen90a,
  editor =	 {J. van Leeuwen},
  title =	 {Algorithms and Complexity},
  series =	 {Handbook of Theoretical Computer Science},
  volume =	 {A},
  year =	 1990,
  publisher =	 mitp,
}

